@article{2024,
  keywords = {dictionnaires},
  title = {{Portail web}},
  year = {2024},
  month = jul,
  journal = {Wikipédia},
  url = {https://fr.wikipedia.org/w/index.php?title=Portail_web&oldid=217196741},
  urldate = {2024-08-19},
  abstract = {Un portail web est un site web qui offre une porte d'entrée commune à un large éventail de ressources et de services accessibles sur Internet et centrés sur un domaine d'intérêt ou une communauté particulière. Les ressources et services dont l'accès est ainsi rassemblé peuvent être des sites ou des pages web, des forums de discussion, des adresses de courrier électronique, espaces de publication, moteur de recherche, etc. Les utilisateurs ont la plupart du temps la possibilité de s'enregistrer à un portail pour s'y connecter ultérieurement et utiliser l'ensemble des services proposés, dont la personnalisation de leur espace de travail, lequel est organisé à l'aide d'éléments d'IHM de base : les portlets. Un site portail institutionnel est un portail web servant de voie d'accès vers les différents sites d'un organisme (entreprise commerciale, institution publique). Le site portail permet de rediriger l'internaute vers le site de l'organisme qui correspond le mieux à ses attentes en fonction de son profil.},
  copyright = {Creative Commons Attribution-ShareAlike License},
  langid = {french},
  annotation = {Page Version ID: 217196741},
  file = {/home/maxime/Zotero/storage/VDKB65HQ/Portail_web.html}
}

@article{2024a,
  keywords = {dictionnaires},
  title = {{Algorithme}},
  year = {2024},
  month = aug,
  journal = {Wikipédia},
  url = {https://fr.wikipedia.org/w/index.php?title=Algorithme&oldid=217643543},
  urldate = {2024-08-19},
  abstract = {Un algorithme est une suite finie et non ambiguë d'instructions et d’opérations permettant de résoudre une classe de problèmes. Le domaine qui étudie les algorithmes est appelé l'algorithmique. On retrouve aujourd'hui des algorithmes dans de nombreuses applications informatiques, dont dans les systèmes permettant le fonctionnement des ordinateurs, la cryptographie, le routage d'informations, la planification et l'utilisation optimale des ressources, le traitement d'images, le traitement de textes, la bio-informatique, l'intelligence artificielle, , etc. L'algorithme peut être mis en forme de façon graphique dans un algorigramme ou organigramme de programmation.},
  copyright = {Creative Commons Attribution-ShareAlike License},
  langid = {french},
  annotation = {Page Version ID: 217643543},
  file = {/home/maxime/Zotero/storage/43LKWAZB/Algorithme.html}
}

@article{2024b,
  keywords = {dictionnaires},
  title = {{Émission de télévision}},
  year = {2024},
  month = feb,
  journal = {Wikipédia},
  url = {https://fr.wikipedia.org/w/index.php?title=%C3%89mission_de_t%C3%A9l%C3%A9vision&oldid=212866902},
  urldate = {2024-08-19},
  abstract = {Une émission de télévision, ou un programme télévisé est une production audiovisuelle d'une certaine durée diffusée sur une chaîne de télévision. L'emploi du mot programme comme synonyme d'émission est impropre (calque de l'anglais), un programme étant une grille regroupant plusieurs émissions. La précision concernant les Techniques de télévision fait l'objet d'un article séparé. Les émissions de télévision incluent les journaux télévisés (couramment appelés JT ou nouvelles), les documentaires, les divertissements et les variétés en diffusant des spectacles de chansons ou d'extrait de spectacle par exemple, les jeux ou débats télévisés qu'ils soient politiques, économiques, scientifiques ou culturels (avec des journalistes, des intervenants qui seront interviewés et à qui on demande parfois de réagir sur des reportages) ou encore les émissions de téléréalité. Une émission débute le plus souvent par un générique qui contient un indicatif musical. En France en 1977, pour répondre à la crise énergétique, les émissions de télévision sont arrêtées à 23 heures.},
  copyright = {Creative Commons Attribution-ShareAlike License},
  langid = {french},
  annotation = {Page Version ID: 212866902},
  file = {/home/maxime/Zotero/storage/VGF45UTZ/Émission_de_télévision.html}
}

@article{2024c,
  keywords = {dictionnaires},
  title = {{Syndrome du vinaigre}},
  year = {2024},
  month = jan,
  journal = {Wikipédia},
  url = {https://fr.wikipedia.org/w/index.php?title=Syndrome_du_vinaigre&oldid=211697375},
  urldate = {2024-08-19},
  abstract = {Le syndrome du vinaigre est le phénomène de dépolymérisation spontanée qui se produit dans les films pour la photographie ou le cinéma, par dégradation de l'acétate en acide acétique, causant ainsi la détérioration du support des œuvres.},
  copyright = {Creative Commons Attribution-ShareAlike License},
  langid = {french},
  annotation = {Page Version ID: 211697375},
  file = {/home/maxime/Zotero/storage/5MVY4IAJ/Syndrome_du_vinaigre.html}
}

@article{2024e,
  keywords = {dictionnaires},
  title = {{Transistor}},
  year = {2024},
  month = jul,
  journal = {Wikipédia},
  url = {https://fr.wikipedia.org/w/index.php?title=Transistor&oldid=217237046},
  urldate = {2024-08-19},
  abstract = {Le transistor est un composant électronique à semi-conducteur permettant de contrôler ou d'amplifier des tensions et des courants électriques. C'est le composant actif le plus important des circuits électroniques aussi bien en basse qu'en haute tension : circuits logiques (il permet, assemblé avec d'autres, d'effectuer des opérations logiques pour des programmes informatiques), amplificateur, stabilisateur de tension, modulation de signal, etc. Les transistors revêtent une importance particulière — le plus souvent en tant qu'interrupteurs marche/arrêt — dans les circuits intégrés, ce qui rend possible la microélectronique. Ce dispositif comporte trois électrodes actives permettant de contrôler un courant ou une tension sur l'électrode de sortie (le collecteur pour le transistor bipolaire et le drain sur un transistor à effet de champ) grâce à une électrode d'entrée (la base sur un transistor bipolaire et la grille pour un transistor à effet de champ). Le transistor est isolant sans tension sur la borne base, et conducteur avec une tension sur la borne base.},
  copyright = {Creative Commons Attribution-ShareAlike License},
  langid = {french},
  annotation = {Page Version ID: 217237046},
  file = {/home/maxime/Zotero/storage/XMCC7IGN/Transistor.html}
}

@article{2024g,
  keywords = {dictionnaires},
  title = {{Ludification}},
  year = {2024},
  month = jul,
  journal = {Wikipédia},
  url = {https://fr.wikipedia.org/w/index.php?title=Ludification&oldid=217012791},
  urldate = {2024-08-19},
  abstract = {La ludification,, couramment désignée par l'anglicisme gamification, est l'utilisation des mécanismes du jeu dans d’autres domaines, en particulier des sites web, des situations d'apprentissage, des situations de travail ou des réseaux sociaux. Son but est d’augmenter l’acceptabilité et l’usage de ces applications en s’appuyant sur la prédisposition humaine au jeu et le système de récompense. Il s’agit d’une manière nouvelle de gérer une équipe, de saisir les problématiques, d’éveiller une motivation chez autrui et d’installer une ambiance de travail. Une forme novatrice de management, qui s’inscrit dans de nombreux domaines de la société, si bien que comprendre le concept de ludification est une façon d’analyser les fonctionnements des milieux de l’entreprise, de l’éducation, du sport, des relations sociales, ou encore de la santé.  Plus clairement, la ludification doit permettre de motiver une équipe à atteindre ses objectifs. Ainsi, il ne s’agit pas d’une fin en soi mais des procédés à utiliser pour parvenir à cette situation, ce but. Plusieurs méthodes sont donc proposées au sein de la ludification et adaptées en fonction du contexte, de la demande et des besoins. Ces méthodes offriront chacune un résultat différent mais permettront à l’équipe de changer son regard sur l’objectif à atteindre et sur la façon d’y arriver.  Cette technique de conception permet d’obtenir des personnes des comportements actifs et impliqués sur des tâches que l’on ne voudrait pas faire car on pourrait les considérer comme sans intérêt ou rébarbatives : remplir un questionnaire, acheter un produit, regarder des publicités ou assimiler des informations. Bien que le terme soit effectivement récent dans la recherche, il est nécessaire de rappeler que des processus de ludification ont existé avant l'introduction massive du jeu vidéo dans le quotidien des individus. Ainsi, comme exemple de ludification, nous pouvons citer les systèmes de « bons points » utilisés dans les classes de petites sections et de maternelles. Ces récompenses s'obtenaient par la participation des élèves aux exercices mis en place par l'enseignant et s'échangeaient, à la façon d'une monnaie, contre des images ou autres lots. On peut aussi évoquer les bons de réduction, qui s'apparentent pour partie à ce processus du jeu, dans une activité de consommateur.},
  copyright = {Creative Commons Attribution-ShareAlike License},
  langid = {french},
  annotation = {Page Version ID: 217012791},
  file = {/home/maxime/Zotero/storage/69SWBRT7/Ludification.html}
}

@article{2024h,
  keywords = {dictionnaires},
  title = {{Utilisation d'Internet}},
  year = {2024},
  month = apr,
  journal = {Wikipédia},
  url = {https://fr.wikipedia.org/w/index.php?title=Utilisation_d%27Internet&oldid=214019107},
  urldate = {2024-08-19},
  abstract = {Cet article présente l'utilisation du réseau mondial Internet dans le monde.},
  copyright = {Creative Commons Attribution-ShareAlike License},
  langid = {french},
  annotation = {Page Version ID: 214019107},
  file = {/home/maxime/Zotero/storage/HQR9VCM6/Utilisation_d'Internet.html}
}

@article{2024i,
  keywords = {dictionnaires},
  title = {{ARPANET}},
  year = {2024},
  month = jul,
  journal = {Wikipédia},
  url = {https://fr.wikipedia.org/w/index.php?title=ARPANET&oldid=217010020},
  urldate = {2024-08-19},
  abstract = {ARPANET, ou Arpanet (de l'anglais Advanced Research Projects Agency Network, aussi typographié « ARPAnet ») est l'acronyme du premier réseau à transfert de paquets de données conçu aux États-Unis par la Defense Advanced Research Projects Agency (DARPA). Le projet fut lancé en 1966, mais ARPANET ne voit le jour qu'en 1969. Sa première démonstration officielle date d'octobre 1972. Le concept de commutation de paquets (packet switching), qui deviendra la base du transfert de données sur Internet, était alors balbutiant dans la communication des réseaux informatiques. Les communications étaient jusqu'alors basées sur la communication par circuits électroniques, telle que celle utilisée par le réseau de téléphone, où un circuit propre est activé lors de la communication avec un poste du réseau. Les ordinateurs utilisés étaient principalement des ordinateurs commerciaux de 3e génération construits par Digital Equipment Corporation (DEC), International Business Machines (IBM) ou Scientific Data Systems. Peut-être comprenaient-ils encore des Univac à tubes électroniques, technologie certes désuète en 1969 (où on abandonnait déjà les ordinateurs de deuxième génération transistorisés pour d'autres à circuits intégrés comme l'IBM 1130), mais c'est précisément pour cela que ces ordinateurs étaient libres pour un usage expérimental, les autres étant saturés de travaux. ARPANET a été écrit par le monde universitaire et non militaire, ce qui a probablement influencé l'Internet que l'on connait aujourd'hui. Il disparait officiellement en 1990.},
  copyright = {Creative Commons Attribution-ShareAlike License},
  langid = {french},
  annotation = {Page Version ID: 217010020},
  file = {/home/maxime/Zotero/storage/TBNXMXND/ARPANET.html}
}

@misc{coeffe2018,
  keywords = {dictionnaires},
  title = {{Chiffres réseaux sociaux – 2024}},
  author = {Coëffé, Thomas},
  year = {2018},
  month = jul,
  journal = {BDM},
  url = {https://www.blogdumoderateur.com/chiffres-reseaux-sociaux/},
  urldate = {2024-08-19},
  abstract = {Retrouvez les derniers chiffres des réseaux sociaux, mis à jour régulièrement.},
  chapter = {Social},
  langid = {french},
  file = {/home/maxime/Zotero/storage/Q72RBGIK/chiffres-reseaux-sociaux.html}
}

@misc{zotero-196,
  keywords = {dictionnaires},
  title = {Portail web — {{Wikipédia}}},
  url = {https://fr.wikipedia.org/wiki/Portail_web},
  urldate = {2024-08-19},
  file = {/home/maxime/Zotero/storage/GW4PEC7U/Portail_web.html}
}

@misc{zotero-197,
  keywords = {dictionnaires},
  title = {{{CNRTL}} : {{Définition}} de {{CATALOGUE}}},
  url = {https://cnrtl.fr/definition/academie9/catalogue},
  urldate = {2024-08-19},
  file = {/home/maxime/Zotero/storage/USICL36W/catalogue.html}
}

@misc{zotero-205,
  keywords = {dictionnaires},
  title = {{{Centre national de ressources linguistiques et textuelles (CNRTL}} : {{Définition}} de {{INTERFACE}}},
  url = {https://www.cnrtl.fr/lexicographie/interface},
  urldate = {2024-08-19},
  file = {/home/maxime/Zotero/storage/FYYP6ZDA/interface.html}
}

@misc{zotero-224,
  keywords = {dictionnaires},
  title = {Sérendipité | {{Académie}} française},
  url = {https://www.academie-francaise.fr/serendipite},
  urldate = {2024-08-19},
  file = {/home/maxime/Zotero/storage/LAFJX4ET/serendipite.html}
}

@misc{zotero-226,
  keywords = {dictionnaires},
  title = {Le médium c'est le message — {{Wikipédia}}},
  url = {https://fr.wikipedia.org/wiki/Le_m%C3%A9dium_c%27est_le_message},
  urldate = {2024-08-19},
  file = {/home/maxime/Zotero/storage/RYU2ELJ9/Le_médium_c'est_le_message.html}
}

@misc{zotero-227,
  keywords = {dictionnaires},
  title = {{{DIGITAL REPORT}} - {{LES DERNIERS CHIFFRES DU NUMÉRIQUE}} - {{OCTOBRE}} 2023 - {{We Are Social France}}},
  url = {https://wearesocial.com/fr/blog/2023/10/digital-report-les-derniers-chiffres-du-numerique-octobre-2023/},
  urldate = {2024-08-19},
  file = {/home/maxime/Zotero/storage/XSK2TFF6/digital-report-les-derniers-chiffres-du-numerique-octobre-2023.html}
}

@misc{zotero-229,
  keywords = {dictionnaires},
  title = {Internet et réseaux sociaux : nombre d'utilisateurs 2024 | {{Statista}}},
  url = {https://fr.ista.com/statistiques/1350675/nombre-utilisateurs-internet-reseaux-sociaux-monde/},
  urldate = {2024-08-19},
  file = {/home/maxime/Zotero/storage/F7RBCXK6/nombre-utilisateurs-internet-reseaux-sociaux-monde.html}
}

@misc{zotero-245,
  keywords = {dictionnaires},
  title = {Search {{Engine Market Share France}} | {{Statcounter Global Stats}}},
  url = {https://gs.statcounter.com/search-engine-market-share/all/france},
  urldate = {2024-08-19}
}

@misc{zotero-250,
  keywords = {dictionnaires},
  title = {(4) {{LinkedIn}}},
  url = {https://www.linkedin.com/pulse/le-meilleur-endroit-pour-cacher-un-cadavre-est-%C3%A0-la-page-loubier-/},
  urldate = {2024-08-19}
}

@misc{zotero-251,
  keywords = {dictionnaires},
  title = {{Qu’est-ce que le mappage des données ? Définition et exemples}},
  shorttitle = {{Qu’est-ce que le mappage des données ?}},
  journal = {Talend - A Leader in Data Integration \& Data Integrity},
  url = {https://www.talend.com/fr/resources/data-mapping/},
  urldate = {2024-08-19},
  abstract = {Le mappage des données est un élément crucial de la gestion des données qui garantit la qualité des données lors des intégrations, migrations et autres tâches de gestion des données.},
  langid = {french}
}

@misc{zotero-283,
  keywords = {dictionnaires},
  title = {Web 2.0 — {{Wikipédia}}},
  url = {https://fr.wikipedia.org/wiki/Web_2.0},
  urldate = {2024-08-19}
}

@misc{zotero-284,
  keywords = {dictionnaires},
  title = {Data growth worldwide 2010-2025 | {{Statista}}},
  url = {https://www.statista.com/statistics/871513/worldwide-data-created/},
  urldate = {2024-08-19}
}

@misc{zotero-296,
  keywords = {dictionnaires},
  title = {{{GPT-4}} — {{Wikipédia}}},
  url = {https://fr.wikipedia.org/wiki/GPT-4},
  urldate = {2024-08-19},
  file = {/home/maxime/Zotero/storage/RKI28KHG/GPT-4.html}
}

@misc{zotero-301,
  keywords = {dictionnaires},
  title = {Loi de {{Moore}} — {{Wikipédia}}},
  url = {https://fr.wikipedia.org/wiki/Loi_de_Moore},
  urldate = {2024-08-19},
  file = {/home/maxime/Zotero/storage/KKWIY8FX/Loi_de_Moore.html}
}

@misc{zotero-315,
  keywords = {dictionnaires},
  title = {{Explicabilité (IA)}},
  url = {https://www.cnil.fr/fr/definition/explicabilite-ia},
  urldate = {2024-08-19},
  abstract = {Dans le domaine de l'intelligence artificielle, l’explicabilité est la capacité de mettre en relation et de rendre compréhensible les éléments pris en compte par le système d’IA pour la production d’un résultat. Il peut s’agir, par exemple, des variables d’entrée et de leurs conséquences sur la prévision d’un score, et ainsi sur la décision.},
  langid = {french},
  file = {/home/maxime/Zotero/storage/KG9UELLQ/explicabilite-ia.html}
}

@misc{zotero-323,
  keywords = {dictionnaires},
  title = {Droit d'auteur en {{France}} — {{Wikipédia}}},
  url = {https://fr.wikipedia.org/wiki/Droit_d'auteur_en_France},
  urldate = {2024-08-19},
  file = {/home/maxime/Zotero/storage/L3XDYRA2/Droit_d'auteur_en_France.html}
}

@misc{zotero-357,
  keywords = {dictionnaires},
  title = {Hallucination (intelligence artificielle — {{Wikipédia}}},
  url = {https://fr.wikipedia.org/wiki/Hallucination_(intelligence_artificielle},
  urldate = {2024-08-19},
  file = {/home/maxime/Zotero/storage/6D9RRQ29/Hallucination_(intelligence_artificielle.html}
}

@misc{zotero-361,
  keywords = {dictionnaires},
  title = {À propos - {{notreHistoire}}.ch},
  url = {https://notrehistoire.ch/pages/a-propos},
  urldate = {2024-08-19},
  file = {/home/maxime/Zotero/storage/E2KTBTMP/a-propos.html}
}

@misc{zotero-362,
  keywords = {dictionnaires},
  title = {À propos - {{notreHistoire}}.ch},
  url = {https://notrehistoire.ch/pages/a-propos},
  urldate = {2024-08-19},
  file = {/home/maxime/Zotero/storage/AQEJ4ZQL/a-propos.html}
}

@misc{zotero-363,
  keywords = {dictionnaires},
  title = {Accueil},
  url = {https://www.fonsart.ch/},
  urldate = {2024-08-19},
  file = {/home/maxime/Zotero/storage/IBPCAU6K/www.fonsart.ch.html}
}

@misc{zotero-365,
  keywords = {dictionnaires},
  title = {{Qu'est-ce que le digital labor ?}},
  journal = {La Revue des Médias},
  url = {https://larevuedesmedias.ina.fr/quest-ce-que-le-digital-labor},
  urldate = {2024-08-19},
  abstract = {Dominique Cardon et Antonio A. Casilli débattent dans un livre important de la notion de « Digital Labor~». Extraits.},
  langid = {french},
  file = {/home/maxime/Zotero/storage/M44AYK3P/quest-ce-que-le-digital-labor.html}
}

@misc{zotero-366,
  keywords = {dictionnaires},
  title = {Page non trouvée | la revue des médias},
  url = {https://larevuedesmedias.ina.fr/quest-ce-que-le-digital-labor%20consult%C3%A9%20le%2012/08/2024},
  urldate = {2024-08-19},
  file = {/home/maxime/Zotero/storage/6ZK8WBJ2/2024.html}
}

@misc{zotero-367,
  keywords = {dictionnaires},
  title = {Définitions : mème - {{Dictionnaire}} de français {{Larousse}}},
  url = {https://www.larousse.fr/dictionnaires/francais/m%C3%A8me/10910896},
  urldate = {2024-08-19},
  file = {/home/maxime/Zotero/storage/ZNICUCEL/10910896.html}
}

@misc{zotero-368,
  keywords = {dictionnaires},
  title = {L.{{H}}.{{O}}.{{O}}.{{Q}}. - {{Centre Pompidou}}},
  url = {https://www.centrepompidou.fr/fr/ressources/oeuvre/c5pXdk6},
  urldate = {2024-08-19},
  file = {/home/maxime/Zotero/storage/X3S83ILC/c5pXdk6.html}
}

@misc{zotero-393,
  keywords = {dictionnaires},
  title = {Tour de {{Babel}} — {{Wikipédia}}},
  url = {https://fr.wikipedia.org/wiki/Tour_de_Babel},
  urldate = {2024-08-19}
}
@misc{1939,
  keywords = {partie1},
  type = {{audio}},
  title = {{Roland Pièce raconte l’inauguration de l’émetteur du Champ-de-l'Air à Lausanne}},
  year = {1939},
  month = sep,
  journal = {rts.ch},
  url = {https://www.rts.ch/archives/1939/audio/roland-piece-raconte-l-inauguration-de-l-emetteur-du-champ-de-l-air-a-lausanne-25836167.html},
  urldate = {2024-08-19},
  abstract = {Ce pionnier de la radiodiffusion revient sur les débuts de ce média à Lausanne.},
  chapter = {Emission sans nom},
  langid = {french},
  file = {/home/maxime/Zotero/storage/4XLSDV4R/13223248-roland-piece-raconte-linauguration-de-lemetteur-du-champdelair-a-lausanne-30-09-1939.html}
}

@article{2010,
  keywords = {partie1},
  title = {{Le ministère pose le cadre de sa nouvelle doctrine : la "culture pour chacun"}},
  shorttitle = {{Le ministère pose le cadre de sa nouvelle doctrine}},
  year = {2010},
  month = nov,
  url = {https://www.lemonde.fr/culture/article/2010/11/04/le-ministere-pose-le-cadre-de-sa-nouvelle-doctrine-la-culture-pour-chacun_1435445_3246.html},
  urldate = {2024-08-19},
  abstract = {Avec l'abandon de la},
  langid = {french},
  file = {/home/maxime/Zotero/storage/HLNWYIHJ/le-ministere-pose-le-cadre-de-sa-nouvelle-doctrine-la-culture-pour-chacun_1435445_3246.html}
}
@article{2024m,
	keywords  = {partie1},
	title = {{Les Français ont confirmé leur retour dans les salles de cinéma en 2023}},
	year = {2024},
	month = jan,
	url = {https://www.lemonde.fr/economie/article/2024/01/02/les-francais-ont-confirme-leur-retour-dans-les-salles-de-cinema-en-2023_6208729_3234.html},
	urldate = {2024-08-20},
	abstract = {Avec plus de 180 millions d’entrées dans les salles en 2023, l’Hexagone consolide sa dynamique enclenchée en 2022 et n’est plus qu’à 13 \% d’écart de sa fréquentation de 2017-2019, et à 4 à 5 \% des recettes moyennes de ces années pré-Covid-19.},
	langid = {french},
	file = {/home/maxime/Zotero/storage/HXQIMJP6/les-francais-ont-confirme-leur-retour-dans-les-salles-de-cinema-en-2023_6208729_3234.html}
}


@misc{2015,
  keywords = {partie1},
  author = {Balle, Francis},
  title = {{Sérendipité}},
  year = {2015},
  month = mar,
  journal = {France Culture},
  url = {https://www.radiofrance.fr/franceculture/podcasts/l-alphabet-numerique/serendipite-4636636},
  urldate = {2024-08-19},
  abstract = {La sérendipité, c’est le fait de faire une découverte de manière accidentelle. Le terme a connu une renommée nouvelle avec internet, caractérisant cette pratique numérique fondatrice du web qui consiste à errer, de manière plus ou moins productive, d’information en information, de site en site, de lien en lien. Que recouvre exactement la notion aujourd’hui ? Décryptage avec Francis Balle.},
  chapter = {Société},
  langid = {french},
  file = {/home/maxime/Zotero/storage/7PUQ89GR/serendipite-4636636.html}
}

@misc{2017,
  keywords = {partie1},
  title = {About {{Me}}},
  year = {2017},
  month = oct,
  journal = {April Joyner},
  url = {https://www.apriljoyner.com/},
  urldate = {2024-08-19},
  abstract = {Personal portfolio of April Joyner, markets correspondent at Reuters with experience covering business, finance and technology.},
  langid = {american}
}

@misc{2018,
  keywords = {partie1},
  type = {{infoSport}},
  title = {{On a tué Bob Kennedy}},
  year = {2018},
  month = jun,
  journal = {rts.ch},
  url = {https://www.rts.ch/archives/grands-formats/9614551-on-a-tue-bob-kennedy.html},
  urldate = {2024-08-19},
  abstract = {Le 5 juin 1968, le sénateur Robert Kennedy est victime d'un attentat à Los Angeles, en pleine campagne pour les primaires démocrates. Présente sur les lieux, une équipe de la Télévision Suisse Romande a suivi minute par minute ces événements tragiques, faisant des téléspectateurs romands les premiers Européens à en découvrir les images poignantes.},
  chapter = {Grands formats},
  langid = {french},
  annotation = {Last Modified: 2024-07-22T09:47:24Z},
  file = {/home/maxime/Zotero/storage/QC7P2I9Z/9614551-on-a-tue-bob-kennedy.html}
}

@misc{2020a,
  keywords = {partie1},
  title = {{Découvrabilité en ligne des contenus culturels francophones}},
  year = {2020},
  month = nov,
  url = {https://www.culture.gouv.fr/Thematiques/europe-et-international/Publications/Decouvrabilite-en-ligne-des-contenus-culturels-francophones},
  urldate = {2024-08-19},
  abstract = {La découvrabilité d'un contenu dans l'environnement numérique se réfère à sa disponibilité en ligne et à sa capacité à être repéré parmi un vaste ensemble d'autres contenus, en particulier par une personne qui n'en faisait pas précisément la recherche.},
  langid = {french},
  file = {/home/maxime/Zotero/storage/PQSB9N5H/Decouvrabilite-en-ligne-des-contenus-culturels-francophones.html}
}

@misc{2020b,
  keywords = {partie1},
  title = {{Cinquante ans de pratiques culturelles en France [CE-2020-2]}},
  year = {2020},
  month = jul,
  url = {https://www.culture.gouv.fr/fr/espace-documentation/statistiques-ministerielles-de-la-culture2/publications/collections-de-synthese/culture-etudes-2007-2024/Cinquante-ans-de-pratiques-culturelles-en-France-CE-2020-2},
  urldate = {2024-08-19},
  abstract = {Menée tout au long de l’année 2018 auprès d’un échantillon de plus de 9 200 personnes en France métropolitaine, l’enquête sur les pratiques culturelles est la sixième édition d’une série commencée au début des années 1970 et destinée à mesurer la participation de la population},
  langid = {french},
  file = {/home/maxime/Zotero/storage/Y677RR9K/Cinquante-ans-de-pratiques-culturelles-en-France-CE-2020-2.html}
}

@misc{2022a,
  keywords = {partie1},
  title = {Les jeunes années de la radio en {{Suisse}} romande - {{SSR Suisse RomandeSSR Suisse Romande}}},
  author = {Valloton, François},
  year = {2022},
  month = may,
  journal = {Les jeunes années de la radio en Suisse romande - SSR Suisse RomandeSSR Suisse Romande},
  url = {https://ssrsr.ch/a_la_une/les-jeunes-annees-de-la-radio-en-suisse-romande/},
  urldate = {2024-08-19},
  abstract = {{$<$}p{$>$}Plongée dans les premières décennies de la passionnante épopée radiophonique romande.{$<$}/p{$>$}},
  file = {/home/maxime/Zotero/storage/6NYHCTD2/les-jeunes-annees-de-la-radio-en-suisse-romande.html}
}

@misc{2023a,
  keywords = {partie1},
  title = {La rentrée de {{Fip}}},
  year = {2023},
  journal = {Radio France},
  url = {https://www.radiofrance.com/sites/default/files/2022-08/rentree_2223_dp_fip_26082022.pdf},
  urldate = {2024-08-19},
  file = {/home/maxime/Zotero/storage/LKIJQLXD/rentree_2223_dp_fip_26082022.pdf}
}

@misc{2023b,
  keywords = {partie1},
  title = {{Penser la découvrabilité des contenus culturels}},
  author = {Luneteau, Bastien and Lecomte, Valentin},
  year = {2023},
  month = jun,
  journal = {BnF - Site institutionnel},
  url = {https://www.bnf.fr/fr/agenda/penser-la-decouvrabilite-des-contenus-culturels},
  urldate = {2024-08-19},
  langid = {french},
  file = {/home/maxime/Zotero/storage/NABEXRZH/penser-la-decouvrabilite-des-contenus-culturels.html}
}

@misc{martinstocker,
	keywords = {partie3},
	title = {{Penser la découvrabilité des contenus culturels}},
	author = {Martin-Stocker, Tristan and Delabre, Cyrille},
	year = {2023},
	month = jun,
	journal = {BnF - Site institutionnel},
	url = {https://www.bnf.fr/fr/agenda/penser-la-decouvrabilite-des-contenus-culturels},
	urldate = {2024-08-19},
	langid = {french},
	file = {/home/maxime/Zotero/storage/NABEXRZH/penser-la-decouvrabilite-des-contenus-culturels.html}
}


@misc{2023e,
	keywords = {partie2},
	title = {{Penser la découvrabilité des contenus culturels}},
	year = {2023},
	month = jun,
	journal = {BnF - Site institutionnel},
	url = {https://www.bnf.fr/fr/agenda/penser-la-decouvrabilite-des-contenus-culturels},
	urldate = {2024-08-19},
	langid = {french},
	file = {/home/maxime/Zotero/storage/NABEXRZH/penser-la-decouvrabilite-des-contenus-culturels.html}
}


@misc{alquier2024,
  keywords = {partie1},
  title = {{Journée de présentation de l'institut national de l'audiovisuel (INA)}},
  author = {Alquier, Eleonore},
  year = {2024},
  month = jan,
  langid = {french}
}

@misc{author2012,
  keywords = {partie1},
  title = {Get {{More Eyes}} on {{Your Content Using StumbleUpon}}},
  year = {2012},
  month = dec,
  journal = {VerticalResponse},
  url = {https://verticalresponse.com/blog/stumbleupon-gets-great-content-seen/},
  urldate = {2024-08-19},
  abstract = {StumbleUpon not only exposes you to some stellar content, but it also presents a powerful way for others to discover your business and your unique content.},
  langid = {american},
  file = {/home/maxime/Zotero/storage/PC4GHMGC/stumbleupon-gets-great-content-seen.html}
}

@misc{barcella2024a,
  keywords = {partie1},
  title = {{Entretien avec Denise Barcella, experte patrimoine des archives de la RTS et ancienne enseignante de l'université de Lausanne en histoire de la télévision.}},
  author = {BARCELLA, Denise},
  year = {2024},
  gender = {female},
  month = may,
  langid = {french}
}

@misc{bastard2023,
  keywords = {partie1},
  type = {{Text}},
  title = {{La découvrabilité des collections numériques patrimoniales sous l’angle des usages de Gallica}},
  author = {Bastard, Irène and Laborderie, Arnaud},
  year = {2023},
  month = jun,
  url = {https://bbf.enssib.fr/matieres-a-penser/la-decouvrabilite-des-collections-numeriques-patrimoniales-sous-l-angle-des-usages-de-gallica_71295},
  urldate = {2024-08-19},
  langid = {french}
}

@misc{bermes2023,
  keywords = {partie1},
  title = {Modélisation et requêtage, cours de 2e année de {{Master}} technologies numériques appliquées à l'histoire},
  author = {Bermès, Emmanuelle},
  year = {2023},
  publisher = {Ecole nationale des chartes}
}

@book{bermes2024,
  keywords = {partie1},
  title = {{"De l'écran à l'émotion, quand le numérique devient patrimoine"}},
  author = {Bermès, Emmanuelle},
  year = {2024},
  month = may,
  publisher = {École nationale des chartes – PSL},
  address = {Paris},
  isbn = {978-2-35723-187-0},
  langid = {french}
}

@book{borges1963,
  keywords = {partie1},
  title = {{La bibliothèque de Babel}},
  author = {Borges, Jorge Luis},
  year = {1963},
  publisher = {Montanthiaume},
  url = {https://baptiste-tosi.eu/documents/la-bibliotheque-de-babel.pdf},
  urldate = {2024-08-19},
  langid = {french},
  file = {/home/maxime/Zotero/storage/AYUBV94V/la-bibliotheque-de-babel.pdf}
}

@article{cardon2013,
  keywords = {partie1},
  title = {{Dans l'esprit du PageRank. Une enquête sur l'algorithme de Google}},
  shorttitle = {{Dans l'esprit du PageRank}},
  author = {Cardon, Dominique},
  year = {2013},
  journal = {Réseaux},
  volume = {177},
  number = {1},
  pages = {63--95},
  publisher = {La Découverte},
  address = {Paris},
  issn = {0751-7971},
  doi = {10.3917/res.177.0063},
  url = {https://www.cairn.info/revue-reseaux-2013-1-page-63.htm},
  urldate = {2024-08-19},
  abstract = {L'entrée dans une ère d'abondance d'informations n'a jamais rendu aussi importante la question de leur classement. Profitant de l'extension des capacités de numérisation, les données digitales prolifèrent. Capturées, stockées, agrégées, calculées, elles entrent de plus en plus souvent dans des dispositifs de marché, de surveillance, d'évaluation ou de recommandation. la mise en place d'un monde des données est souvent appréciée, avec enthousiasme ou frayeur, comme une nouvelle puissance susceptible, pour les uns, de réinventer les marchés et l'organisation, de rendre la démocratie plus transparente, de faciliter les interactions avec les choses et l'environnement ou d'élaborer des connaissances prédictives, alors que d'autres s'alarment des usages commerciaux des fichiers, des menaces sur la vie privée, de la dictature de l'hyper-visibilité ou de la colonisation du monde vécu par un esprit de calcul et d'évaluation. Ce sont ces questions que ce numéro de Réseaux voudrait interroger en entrant dans le travail de production des nouvelles métriques du web et en portant attention à la manière dont les artefacts issus de ce travail recomposent les situations sociales.},
  langid = {french},
  file = {/home/maxime/Zotero/storage/8Z9J7V79/Cardon - 2013 - Dans l'esprit du PageRank. Une enquête sur l'algor.pdf}
}

@phdthesis{claes2022,
  keywords = {partie1},
  title = {{Arnaud Claes - Algorithme de service public et autonomie critique : Etude des effets de la contrôlabilité d'un algorithme de recommandation sur l'autonomie critique de ses usagers | UCLouvain}},
  author = {Claes, Arnaud},
  year = {2022},
  month = nov,
  address = {Belgique},
  url = {https://uclouvain.be/fr/facultes/espo/evenements/arnaud-claes.html},
  urldate = {2024-08-19},
  langid = {french},
  school = {Louvain-La-Neuve},
  file = {/home/maxime/Zotero/storage/QGKJQYLU/arnaud-claes.html}
}

@misc{conseildelaradiodiffusionetdestelecommunicationscanadiennescrtcetlofficenationaldufilmducanadaonf2016,
  keywords = {partie1},
  title = {{Le contenu à l'ère de l'abondance, sommet sur la découvrabilité des contenus culturels canadiens}},
  author = {{Conseil de la radiodiffusion et des télécommunications canadiennes (CRTC) et l’Office national du film du Canada (ONF)}},
  year = {2016},
  url = {https://web.archive.org/web/20171027015812/http:/decouvrabilite.ca/videos/resume-sommet-decouverabilite/},
  langid = {french}
}

@inproceedings{dasgupta2007,
  keywords = {partie1},
  title = {The discoverability of the web},
  booktitle = {Proceedings of the 16th international conference on {{World Wide Web}}},
  author = {Dasgupta, Anirban and Ghosh, Arpita and Kumar, Ravi and Olston, Christopher and Pandey, Sandeep and Tomkins, Andrew},
  year = {2007},
  month = may,
  pages = {421--430},
  publisher = {ACM},
  address = {Banff Alberta Canada},
  doi = {10.1145/1242572.1242630},
  url = {https://dl.acm.org/doi/10.1145/1242572.1242630},
  urldate = {2024-08-19},
  abstract = {Previous studies have highlighted the rapidity with which new content arrives on the web. We study the extent to which this new content can be efficiently discovered in the crawling model. Our study has two parts. First, we employ a maximum cover formulation to study the inherent difficulty of the problem in a setting in which we have perfect estimates of likely sources of links to new content. Second, we relax the requirement of perfect estimates into a more realistic setting in which algorithms must discover new content using historical statistics to estimate which pages are most likely to yield links to new content.},
  isbn = {978-1-59593-654-7},
  langid = {english},
  file = {/home/maxime/Zotero/storage/4ZML5M2P/Dasgupta et al. - 2007 - The discoverability of the web.pdf}
}

@book{durand2016,
  keywords = {partie1},
  title = {{L'attaque des clones: la diversité culturelle à l'ère de l'hyperchoix}},
  shorttitle = {{L'attaque des clones}},
  author = {Durand, Emmanuel},
  year = {2016},
  series = {{Nouveaux débats}},
  number = {44},
  publisher = {Sciences po, les presses},
  address = {Paris},
  abstract = {La culture est déboussolée. Elle a subi la révolution copernicienne du numérique, qui place le public au centre, au détriment des créateurs : création, production, programmation et critique sont désormais aux mains du public. Face à ce bouleversement, la réponse politique s'est limitée à l'érection de barrières illusoires et contre-productives. Consommateurs, producteurs et régulateurs sont pris dans un entrelacs de contradictions dont ils peinent à se dépêtrer : vouloir la gratuité et refuser la publicité, s'inquiéter de l'accaparement des données personnelles et plébisciter les services dont c'est le cœur de métier (Amazon, Netflix, Facebook), prétendre accéder à toute la culture du monde et s'enfermer dans le semblable de la série à succès. En fin connaisseur du secteur culturel, Emmanuel Durand rappelle que ce qui fait la valeur de la culture est la découverte et que l'enjeu, aujourd'hui, est de favoriser la diversité. À l'heure des algorithmes et des big data ? Oui, car ceux-ci ne représentent pas que la menace du même, ils peuvent tout aussi bien créer de nouveaux usages et nous inviter à la curiosité},
  isbn = {978-2-7246-1980-5},
  langid = {fre},
  lccn = {338.477 09051}
}

@article{ertzscheid2003,
  keywords = {partie1},
  title = {Chercher faux et trouver juste,},
  author = {Ertzscheid, Olivier and Gallezot, Gabriel},
  year = {2003},
  month = jul,
  abstract = {Merton définit la serendipité ainsi : "découverte par chance ou sagacité de résultats que l'on ne cherchait pas". L'idée mise en avant dans ce texte est de montrer comment dans un effort de maîtrise de l'entropie informationnelle, (2) l'essor des technologies intellectuelles de représentation et d'accès aux informations (3) fait chaque jour une place plus grande au phénomène de sérendipité comme adjuvant précieux de la recherche (4).},
  file = {/home/maxime/Zotero/storage/YSFZWRDX/Ertzscheid and Gallezot - 2003 - Chercher faux et trouver juste,.pdf}
}

@misc{ertzscheid2019,
  keywords = {partie1},
  title = {Économie des biens culturels, cours de 2e année de {{DUT}} information et communication option métiers du livre et du patrimoine},
  author = {Ertzscheid, Olivier},
  year = {2019},
  publisher = {Nantes Université}
}

@misc{ertzscheid2024a,
  keywords = {partie1},
  title = {{GPT-4 Omni : Chat Pantin(s).}},
  shorttitle = {{GPT-4 Omni}},
  author = {Ertzscheid, Olivier},
  year = {2024},
  month = may,
  journal = {affordance.info},
  url = {https://affordance.framasoft.org/2024/05/gpt-4-omni-chat-pantins/},
  urldate = {2024-08-19},
  abstract = {En moins de 24h cette semaine, deux des acteurs majeurs de nos environnements numériques, Alphabet (Google) et OpenAI (ChatGPT) ont tenu leurs conférences avec un certain nombre d'annonces sur lesquelles je reviens dans cet article. Omni en orbite. Nom de code : "GPT-4o" Tel est le nom de la nouve},
  chapter = {ChatGPT et ses ami.e.s},
  langid = {french},
  file = {/home/maxime/Zotero/storage/KRGYPJIA/gpt-4-omni-chat-pantins.html}
}

@misc{rochefort2023,
	keywords = {partie3},
	title = {{OpenAI n’utilise plus les données des clients de son API pour former ses modèles}},
	author = {Rochefort, Mathilde},
	year = {2023},
	month = may,
	journal = {Siècle Digital},
	url = {https://siecledigital.fr/2023/05/09/openai-api-formation-modeles/},
	urldate = {2024-08-21},
	abstract = {Le PDG d'OpenAI a annoncé que l'entreprise ne se servait plus des données des clients de son API pour entraîner GPT-4.},
	langid = {french},
	file = {/home/maxime/Zotero/storage/PVVY6V68/openai-api-formation-modeles.html}
}


@misc{freudiguer2024,
  keywords = {partie1},
  title = {{Entretien avec Alain Freudiguer, chargé des archives anciennes (RTS)}},
  author = {Freudiguer, Alain},
  year = {2024},
  month = may,
  langid = {french}
}

@article{godin2011,
  keywords = {partie1},
  title = {{«~La culture pour chacun~»~: une nouvelle politique culturelle~?}},
  shorttitle = {{«~La culture pour chacun~»}},
  author = {Godin, Christian},
  year = {2011},
  journal = {Cités},
  volume = {45},
  number = {1},
  pages = {164--168},
  publisher = {Presses Universitaires de France},
  address = {Paris cedex 14},
  issn = {1299-5495},
  doi = {10.3917/cite.045.0164},
  url = {https://www.cairn.info/revue-cites-2011-1-page-164.htm},
  urldate = {2024-08-19},
  langid = {french},
  file = {/home/maxime/Zotero/storage/U9L9IPH7/Godin - 2011 - « La culture pour chacun »  une nouvelle politiqu.pdf}
}

@article{lapotre2017,
  keywords = {partie1},
  title = {Library {{Metadata}} on the web : the example of data .bnf.fr},
  shorttitle = {Library {{Metadata}} on the web},
  author = {Lapôtre, Raphaëlle},
  year = {2017},
  journal = {JLIS},
  number = {3},
  issn = {20381026},
  doi = {10.4403/jlis.it-12402},
  url = {https://doi.org/10.4403/jlis.it-12402},
  urldate = {2024-08-19}
}

@misc{laura2022,
  keywords = {partie1},
  title = {{5 impacts des réseaux sociaux sur le SEO en 2024 ? - Redacteur Blog}},
  shorttitle = {{5 impacts des réseaux sociaux sur le SEO en 2024 ?}},
  author = {Laura},
  year = {2022},
  month = apr,
  journal = {Redacteur.com},
  url = {https://www.redacteur.com/blog/impact-reseaux-sociaux-seo/},
  urldate = {2024-08-19},
  abstract = {Si réseaux sociaux et SEO n’ont pas de lien direct, les réseaux sociaux jouent pourtant un rôle important pour augmenter votre visibilité et donc votre},
  langid = {french},
  file = {/home/maxime/Zotero/storage/Q8ERKA4B/impact-reseaux-sociaux-seo.html}
}

@misc{marx,
  keywords = {partie1},
  title = {Le rêve de la bibliothèque parfaite : épisode • 4/10 du podcast {{Les}} bibliothèques invisibles | {{France Culture}}},
  author = {Marx, William},
  url = {https://www.radiofrance.fr/franceculture/podcasts/les-cours-du-college-de-france/le-reve-de-la-bibliotheque-parfaite-7100321},
  urldate = {2024-08-19},
  abstract = {Quels sont les "rêves humanistes de bibliothèques parfaites", qui parcourent les siècles ? demande l’écrivain-philologue William Marx. Quels sont les paradoxes de la bibliothèque de Babel imaginée par l’écrivain argentin Borges ? Pourquoi cette bibliothèque monstrueuse devient-elle un cauchemar ?}
}

@misc{meuret2024,
  keywords = {partie1},
  title = {{Entretien avec Laure Meuret, chargée d'archivage de l'information pour le secteur radio (RTS)}},
  author = {Meuret, Laure},
  year = {2024},
  month = may,
  langid = {french}
}

@incollection{chatelain2003,
	keywords = {partie1},
	title = {{La politesse des livres}},
	booktitle = {{La Bibliothèque de l'honnête homme : Livres, lecture et collections en France à l'âge classique}},
	author = {Chatelain, Jean-Marc},
	year = {2003},
	series = {{Conférences et Études}},
	pages = {105--144},
	publisher = {Éditions de la Bibliothèque nationale de France},
	address = {Paris},
	doi = {10.4000/books.editionsbnf.2489},
	url = {https://books.openedition.org/editionsbnf/2489},
	urldate = {2024-08-21},
	copyright = {https://www.openedition.org/12554},
	isbn = {978-2-7177-2225-3},
	langid = {french}
}


@article{michel2019,
  keywords = {partie1},
  title = {{Favoriser la sérendipité pour des recherches plus créatives}},
  author = {Michel, Géraldine and Le Nagard, Emmanuelle},
  year = {2019},
  journal = {Décisions Marketing},
  volume = {93},
  number = {1},
  pages = {5--9},
  publisher = {EMS Editions},
  address = {Caen},
  issn = {0779-7389},
  doi = {10.7193/DM.093.05.09},
  url = {https://www.cairn.info/revue-decisions-marketing-2019-1-page-5.htm},
  urldate = {2024-08-19},
  langid = {french},
  file = {/home/maxime/Zotero/storage/X84G6L2W/Michel and Le Nagard - 2019 - Favoriser la sérendipité pour des recherches plus .pdf;/home/maxime/Zotero/storage/PWEBAGT5/revue-decisions-marketing-2019-1-page-5.html}
}

@techreport{ministeresdelaculturefranceetquebec2020,
  keywords = {partie1},
  title = {{Rapport - Mission franco-québécoise sur la découvrablilité en ligne des contenus culturels francophones}},
  author = {{Ministères de la Culture (France et Québec)}},
  year = {2020},
  pages = {60},
  address = {France, Québec},
  institution = {Ministère de la Culture},
  url = {https://www.culture.gouv.fr/Media/medias-creation-rapide-ne-pas-supprimer/Rapport-Mission-franco-quebecoise-sur-la-decouvrablilite-en-ligne-des-contenus-culturels-francophones.pdf},
  langid = {french},
  file = {/home/maxime/Zotero/storage/UDLVPQ7H/Rapport - Mission franco-québécoise sur la découvrablilité en ligne des contenus culturels francophones (1).pdf}
}

@article{muller2022,
  keywords = {partie1},
  title = {{Les sorties culturelles des Français après deux années de Covid-19}},
  author = {Müller, Jörg and Schreiber, Amandine},
  year = {2022},
  journal = {Culture études},
  volume = {6},
  number = {6},
  pages = {1--20},
  publisher = {Ministère de la Culture - DEPS},
  address = {Paris},
  issn = {1959-691X},
  doi = {10.3917/cule.226.0001},
  url = {https://www.cairn.info/revue-culture-etudes-2022-6-page-1.htm},
  urldate = {2024-08-19},
  abstract = {Depuis le mois de mars 2020 et le premier confinement lié à la pandémie de Covid-19, les Français vivent au rythme des vagues épidémiques successives. Ils ont connu des bouleversements de leur vie quotidienne dans toutes ses dimensions (santé, travail, sociabilité, loisirs, etc.) et dû modifier certaines de leurs pratiques, notamment culturelles.À l’occasion d’un sondage réalisé du 31~août 2021 au 3~septembre 2021 par l’institut Harris Interactive, puis de l’enquête Conditions de vie et aspirations des Français, réalisée du 21~décembre 2021 au 14~janvier 2022 par le Crédoc, les Français âgés de 15~ans et plus ont été interrogés sur leurs pratiques culturelles récentes. Des questions leur ont été posées à propos des effets du contexte sanitaire sur leurs intentions de sorties culturelles, tant à très court terme qu’à plus long terme.En janvier 2022, au cœur de la cinquième vague épidémique, plusieurs facteurs continuent de limiter les sorties culturelles~: la préférence pour les activités de plein air (pour 66~\% des Français), la peur de contracter le virus ou de le transmettre (56~\%) et, dans une moindre mesure, la réticence à porter un masque (35~\%) ou à présenter un passe sanitaire (19~\%). D’autres facteurs, indirectement liés au contexte sanitaire, affectent également la fréquentation des lieux culturels ou de spectacle, parmi lesquels le télétravail, qui s’est généralisé notamment chez les cadres, ou le développement des loisirs numériques, nouvelles pratiques répandues chez les jeunes et les couples avec enfants.Malgré ces multiples freins, en janvier 2022, 56~\% des Français de 15~ans et plus déclarent avoir effectué au moins une sortie culturelle depuis le 1er~septembre 2021 et 71~\% émettent le souhait d’en effectuer une au cours du premier semestre 2022. À plus long terme, même si l’incertitude continue de peser sur l’échéance de sortie de crise, près de huit Français sur dix estiment que leur fréquentation des lieux culturels ne sera pas affectée par la pandémie.},
  langid = {french},
  file = {/home/maxime/Zotero/storage/I5VGFXKV/Müller and Schreiber - 2022 - Les sorties culturelles des Français après deux an.pdf;/home/maxime/Zotero/storage/G59Z3BL9/revue-culture-etudes-2022-6-page-1.html}
}

@book{pellegrin2022,
  keywords = {partie1},
  title = {Les politiques culturelles et leur mise en oeuvre, cours de 3e année de licence histoire, histoire de l'art et archéologie, parcours médiation et conservation des patrimoines},
  author = {Pellegrin, Julie},
  year = {2022},
  publisher = {Nantes Université},
  address = {Nantes}
}

@techreport{plamondon2019,
  keywords = {partie1},
  title = {Bien documenter pour favoriser la découverte en ligne : travailler avec les métadonnées},
  author = {Plamondon, Josée},
  year = {2019},
  month = nov,
  address = {Canada},
  institution = {Fondation Jean-Pierre Perreault},
  url = {https://numerique.banq.qc.ca/patrimoine/details/52327/4020619}
}

@misc{plouviez2023,
  keywords = {partie1},
  title = {{Philosophie de l'héritage : le projet Philherit}},
  author = {Plouviez, Mélanie},
  year = {2023},
  month = jun,
  address = {Paris, France},
  url = {https://www.bnf.fr/fr/agenda/penser-la-decouvrabilite-des-contenus-culturels},
  langid = {french}
}

@misc{poncet2022,
  keywords = {partie1},
  title = {{Archivistique moderne, cours de première année de Master Technologies numériques appliquées à l'histoire}},
  author = {Poncet, Olivier},
  year = {2022},
  publisher = {École nationale des chartes – PSL},
  langid = {french}
}

@techreport{prongue2009,
  keywords = {partie1},
  title = {Le hasard des archives ou les archives du hasard, {{Les}} archives sonores de la {{Radio Suisse Romande}}. {{Comment}} une radio de service public a constitué ses archives},
  author = {Prongué, Dominique},
  year = {2009},
  month = oct,
  pages = {129},
  address = {Lausanne, Suisse},
  institution = {Radio Suisse Romande (RSR)},
  gender = {female},
  url = {https://web.archive.org/web/20160303182936/http:/de.memoriav.ch/dokument/newsevents/le_hasard_des_archives_prongue_rsr_2009.pdf}
}

@misc{zotero-651,
	keywords = {partie1},
	title = {Re|penser les politiques culturelles: la créativité au coeur du développement, {{Rapport}} mondial {{Convention}} 2005, 2018 - {{UNESCO Digital Library}}},
	url = {https://unesdoc.unesco.org/ark:/48223/pf0000260601},
	urldate = {2024-08-22},
	file = {/home/maxime/Zotero/storage/8XEY4K3X/pf0000260601.html}
}


@misc{rezzonico2023,
  keywords = {partie1},
  title = {{Entretien avec Marielle Rezzonico, chargée de valorisation des archives}},
  author = {Rezzonico, Marielle},
  year = {2023},
  month = jun,
  langid = {french}
}

@misc{s.d.,
  keywords = {partie1},
  title = {{À propos de data.bnf.fr}},
  year = {s.d.},
  publisher = {Bibliothèque nationale de France},
  url = {https://data.bnf.fr/fr/about},
  urldate = {2024-07-16},
  langid = {french}
}

@misc{sonderegger2024,
  keywords = {partie1},
  title = {{Entretien avec Janique Sonderegger, premier lien du cercle Data Mangement, service données et archives (RTS)}},
  author = {Sonderegger, Janique},
  year = {2024},
  month = may,
  gender = {female},
  langid = {french}
}

@book{waresquiel2001,
  keywords = {partie1},
  title = {{Dictionnaire des politiques culturelles de la France depuis 1959}},
  author = {de Waresquiel, Emmanuel},
  year = {2001},
  publisher = {Larousse CNRS éd},
  address = {Paris},
  langid = {fre},
  lccn = {944.083 03}
}

@article{windhager2018a,
  keywords = {partie1},
  title = {Orchestrating {{Overviews}}: {{A Synoptic Approach}} to the {{Visualization}} of {{Cultural Collections}}},
  shorttitle = {Orchestrating {{Overviews}}},
  author = {Windhager, Florian and Salisu, Saminu and Schreder, Günther and Mayr, Eva},
  year = {2018},
  month = aug,
  journal = {Open Library of Humanities},
  volume = {4},
  number = {2},
  publisher = {Open Library of Humanities},
  issn = {2056-6700},
  doi = {10.16995/olh.276},
  url = {https://olh.openlibhums.org/article/id/4503/},
  urldate = {2024-08-19},
  abstract = {In addition to providing pleasant and stimulating experiences, complex cultural collections can require significant amounts of cognitive work on the part of visitors. Whether collections are situated in physical spaces or presented via web-based interfaces, the sheer richness and diversity of artefacts and their associated information can frequently lead to cognitive overload and fatigue. In this article we explore visualization methods that can be used to fend off fatigue and to support cognitive tasks such as collection exploration and conceptual comprehension. We discuss a variety of options to generate collection representations with multiple views and focus on the rarely heeded challenge of how to integrate information from these views into a bigger picture. By utilizing multiple space-time cube representations (through the PolyCube framework), we discuss an effective approach to integrating and mediating multiple perspectives on cultural collection data. We illustrate its potential by the means of a case study on the work of Charles W. Cushman and outline first insights drawn from a heuristic evaluation. Finally, we situate our approach within the larger epistemic and methodological environment of humanities approaches to visualization design.},
  copyright = {Copyright: © 2018 The Author(s). This is an open-access article distributed under the terms of the Creative Commons Attribution 4.0 International License (CC-BY 4.0), which permits unrestricted use, distribution, and reproduction in any medium, provided the original author and source are credited. See http://creativecommons.org/licenses/by/4.0/.},
  langid = {english},
  file = {/home/maxime/Zotero/storage/MKCBKMQ8/Windhager et al. - 2018 - Orchestrating Overviews A Synoptic Approach to th.pdf}
}

@misc{zotero-212,
  keywords = {partie1},
  title = {User {{Modeling}} via {{Stereotypes}}* - {{Rich}} - 1979 - {{Cognitive Science}} - {{Wiley Online Library}}},
  url = {https://onlinelibrary.wiley.com/doi/10.1207/s15516709cog0304_3},
  urldate = {2024-08-19},
  file = {/home/maxime/Zotero/storage/IRJCHUC7/s15516709cog0304_3.html}
}

@misc{zotero-213,
  keywords = {partie1},
  title = {Hybrid {{Recommender Systems}}: {{Survey}} and {{Experiments}} | {{User Modeling}} and {{User-Adapted Interaction}}},
  url = {https://link.springer.com/article/10.1023/A:1021240730564},
  urldate = {2024-08-19},
  file = {/home/maxime/Zotero/storage/R66I8QBL/A1021240730564.html}
}

@misc{zotero-215,
  keywords = {partie1},
  title = {A vector space model for automatic indexing | {{Communications}} of the {{ACM}}},
  url = {https://dl.acm.org/doi/10.1145/361219.361220},
  urldate = {2024-08-19},
  file = {/home/maxime/Zotero/storage/CAQ3MRCT/361219.html}
}

@misc{zotero-216,
  keywords = {partie1},
  title = {Introduction to clustering ~|~ {{Machine Learning}} ~|~ {{Google}} for {{Developers}}},
  url = {https://developers.google.com/machine-learning/clustering},
  urldate = {2024-08-19},
  file = {/home/maxime/Zotero/storage/Y9XTYF5Z/clustering.html}
}

@misc{zotero-219,
  keywords = {partie1},
  title = {Quand les mots valent de l’or, par {{Frédéric Kaplan}} ({{Le Monde}} diplomatique, novembre 2011)},
  url = {https://www.monde-diplomatique.fr/2011/11/KAPLAN/46925},
  urldate = {2024-08-19},
  file = {/home/maxime/Zotero/storage/69RWIBWE/46925.html}
}

@misc{zotero-221,
  keywords = {partie1},
  title = {Record. {{La}} sérendipité sur {{Internet}}~: égarement documenta… – {{Cygne}} noir – {{Érudit}}},
  author = {Sandri, Eva},
  url = {https://www.erudit.org/en/journals/cygnenoir/2013-n1-cygnenoir07153/1090992ar/abstract/},
  urldate = {2024-08-19},
  file = {/home/maxime/Zotero/storage/3A4FLXMF/abstract.html}
}

@misc{zotero-230,
  keywords = {partie1},
  title = {Baignade interdite - rts.ch - {{Affaires}} publiques},
  url = {https://www.rts.ch/archives/tv/information/affaires-publiques/3919724-baignade-interdite.html},
  urldate = {2024-08-19},
  file = {/home/maxime/Zotero/storage/PJIDDQU8/3919724-baignade-interdite.html}
}

@misc{zotero-232,
  keywords = {partie1},
  type = {{homepage}},
  title = {{Les archives de la RTS}},
  journal = {rts.ch},
  url = {https://www.rts.ch/archives/},
  urldate = {2024-08-19},
  abstract = {RTS.ch | Le site de la Radio Télévision Suisse francophone RTS 1, RTS 2, La 1ère, Espace 2, Couleur 3 et Option Musique | Accédez à toutes vos émissions radio et TV, informez-vous grâce à nos portails d'information et de sport, participez à nos concours et consultez nos programmes TV et radio.},
  langid = {french}
}

@misc{zotero-235,
  keywords = {partie1},
  title = {{API Google Knowledge Graph Search | Knowledge Graph Search API}},
  journal = {Google for Developers},
  url = {https://developers.google.com/knowledge-graph?hl=fr},
  urldate = {2024-08-19},
  abstract = {Découvrez les cas d'utilisation et des exemples de requêtes pour l'API qui vous permet de trouver des entités dans Google Knowledge Graph.},
  langid = {french},
  file = {/home/maxime/Zotero/storage/PFNAIYT2/knowledge-graph.html}
}

@misc{zotero-236,
  keywords = {partie1},
  title = {Présentation du fonctionnement du balisage de données structurées | {{Google Search~Central}} ~|~ {{Documentation}} ~|~ {{Google}} for {{Developers}}},
  url = {https://developers.google.com/search/docs/appearance/structured-data/intro-structured-data?hl=fr#search-appearance},
  urldate = {2024-08-19}
}

@misc{zotero-237,
  keywords = {partie1},
  title = {About - {{Schema}}.org},
  url = {https://schema.org/docs/about.html},
  urldate = {2024-08-19},
  file = {/home/maxime/Zotero/storage/GKRGBWM3/about.html}
}

@misc{zotero-238,
  keywords = {partie1},
  title = {Web sémantique et modèle de données},
  publisher = {Bibliothèque nationale de France},
  url = {https://data.bnf.fr/fr/semanticweb},
  urldate = {2024-07-18}
}

@misc{zotero-243,
  keywords = {partie1},
  title = {Google {{Search Essentials}} (formerly {{Webmaster Guidelines}}) | {{Google Search Central}} | {{Documentation}}},
  journal = {Google for Developers},
  url = {https://developers.google.com/search/docs/essentials},
  urldate = {2024-08-19},
  abstract = {The Google Search Essentials make up the core parts of what makes your web-based content (web pages, images, videos, or other publicly-available material that Google finds on the web) eligible to appear and perform well on Google Search.},
  langid = {english},
  file = {/home/maxime/Zotero/storage/3M39KV5V/essentials.html}
}

@misc{zotero-254,
  keywords = {partie1},
  title = {{Histoire}},
  journal = {Memoriav},
  url = {https://memoriav.ch/fr/memoriav/histoire/},
  urldate = {2024-08-19},
  langid = {french}
}

@misc{zotero-256,
  keywords = {partie1},
  title = {Premier direct radio - rts.ch - {{Divers}}},
  url = {https://www.rts.ch/archives/tv/divers/3469563-premier-direct-radio.html},
  urldate = {2024-08-19},
  file = {/home/maxime/Zotero/storage/J5PG6GH9/3469563-premier-direct-radio.html}
}

@misc{zotero-260,
  keywords = {partie1},
  title = {Loi fédérale sur la radio et la télévision (LRTV) du 24 mars 2006, abroge la du loi du 21 juin 1991 (état le 1er janvier 2024)},
  url = {https://www.fedlex.admin.ch/eli/cc/2007/150/fr},
  urldate = {2024-08-19},
  file = {/home/maxime/Zotero/storage/Q9XJYFST/fr.html}
}

@misc{zotero-261,
  keywords = {partie1},
  title = {Les {{Français}} ont confirmé leur retour dans les salles de cinéma en~2023},
  url = {https://www.lemonde.fr/economie/article/2024/01/02/les-francais-ont-confirme-leur-retour-dans-les-salles-de-cinema-en-2023_6208729_3234.html},
  urldate = {2024-08-19},
  file = {/home/maxime/Zotero/storage/DREUC7YU/les-francais-ont-confirme-leur-retour-dans-les-salles-de-cinema-en-2023_6208729_3234.html}
}

@misc{zotero-263,
  keywords = {partie1},
  title = {Stratégie commune de la mission franco-québécoise sur la découvrabilité des contenus culturels francophones | {{Gouvernement}} du {{Québec}}},
  url = {https://www.quebec.ca/gouvernement/ministere/culture-communications/publications/strategie-commune-mission-franco-quebecoise-decouvrabilite-contenus-culturels-francophones},
  urldate = {2024-08-19}
}

@misc{zotero-266,
  keywords = {partie1},
  title = {{La Convention de 2005 sur la protection et la promotion de la diversité des expressions culturelles | Diversité des expresions culturelles}},
  url = {https://www.unesco.org/creativity/fr/2005-convention},
  urldate = {2024-08-19},
  abstract = {.},
  langid = {french},
  file = {/home/maxime/Zotero/storage/K9MAJGSV/2005-convention.html}
}

@misc{zotero-269,
  keywords = {partie1},
  author = {Poissenot, Claude},
  title = {Vers une politique culturelle de la demande ? - {{Livres Hebdo}}},
  url = {https://www.livreshebdo.fr/article/vers-une-politique-culturelle-de-la-demande},
  urldate = {2024-08-19}
}

@misc{zotero-280,
  keywords = {partie1},
  title = {{Europeana}},
  journal = {BnF - Site institutionnel},
  url = {https://www.bnf.fr/fr/europeana},
  urldate = {2024-08-19},
  abstract = {BnF - Site institutionnel},
  langid = {french},
  file = {/home/maxime/Zotero/storage/C2UHS3R3/europeana.html}
}

@misc{zotero-281,
  keywords = {partie1},
  title = {10 millions de documents numérisés dans {{Gallica}} | {{BnF}} - {{Site}} institutionnel},
  url = {https://www.bnf.fr/fr/actualites/10-millions-de-documents-numerises-dans-gallica},
  urldate = {2024-08-19}
}

@misc{zotero-289,
  keywords = {partie1},
  title = {Stratégie commune de la mission franco-québécoise sur la découvrabilité des contenus culturels francophones | {{Gouvernement}} du {{Québec}}},
  url = {https://www.quebec.ca/gouvernement/ministere/culture-communications/publications/strategie-commune-mission-franco-quebecoise-decouvrabilite-contenus-culturels-francophones},
  urldate = {2024-08-19}
}

@book{bermes_lecran_2024,
  keywords = {partie2},
	location = {Paris},
	title = {"De l'écran à l'émotion, quand le numérique devient patrimoine"},
	isbn = {978-2-35723-187-0},
	publisher = {École nationale des chartes – {PSL}},
	author = {Bermès, Emmanuelle},
	date = {2024},
}

@unpublished{plouviez_philosophie_2023,
  keywords = {partie2},
	location = {Paris, France},
	title = {Philosophie de l'héritage : le projet Philherit},
	url = {https://www.bnf.fr/fr/agenda/penser-la-decouvrabilite-des-contenus-culturels},
	note = {Penser la découvrabilité des contenus culturels},
	author = {Plouviez, Mélanie},
	date = {2023-06-20},
}

@incollection{bermes_vers_2016,
  keywords = {partie2},
	location = {Paris},
	title = {Vers de nouveaux catalogues ? Propos introductif},
	isbn = {978-2-7654-1513-8},
	url = {https://www.cairn.info/vers-de-nouveaux-catalogues--9782765415138-p-9.htm},
	series = {Bibliothèques},
	shorttitle = {Vers de nouveaux catalogues ?},
	abstract = {Peut-on parler de « nouveaux » catalogues alors qu’au cours des dernières décennies, les catalogues de bibliothèques n’ont cessé de se réinventer ? Des premières heures de l’informatisation aux {OPAC} dits de « nouvelle génération », des systèmes intégrés de gestion de bibliothèque ({SIGB}) aux portails de découverte, les catalogues n’ont cessé de présenter des visages pluriels. Pourtant, l’irruption du Web, le passage au numérique d’une partie significative des ressources documentaires et la remise en cause des formats {MARC} sont autant de tendances de long terme qui obligent les catalogues à se renouveler. Avec l’émergence d’un nouvel environnement technologique de la « data » (open data, linked data, data visualisation, big data…), ce ne sont plus tant les catalogues qui comptent que les données qu’ils contiennent, notamment lorsqu’il s’agit de leur diffusion sur le Web.Le paysage actuel des catalogues, tel qu’il se dresse à la lecture des contributions au présent ouvrage, voit les systèmes et pratiques évoluer de manières diverses, prenant inspiration dans un environnement technologique extrêmement stimulant, qui favorise les coopérations et l’inventivité et ouvre de nouveaux possibles. Loin de céder à une vision pessimiste des catalogues traditionnels, cœur de métier des bibliothèques, menacés de disparition, il laisse espérer l’émergence de « nouveaux catalogues », qui n’en porteront peut-être plus le nom, mais continueront à constituer la plateforme technologique sur laquelle se construit la mission première des bibliothèques : l’accès de tous à la connaissance et aux savoirs.},
	pages = {9--12},
	booktitle = {Vers de nouveaux catalogues},
	publisher = {Éditions du Cercle de la Librairie},
	author = {Bermès, Emmanuelle},
	urldate = {2024-08-19},
	date = {2016},
	langid = {french},
	doi = {10.3917/elec.berme.2016.01.0009},
	note = {{ISSN}: 0184-0886},
	file = {Snapshot:C\:\\Users\\grive\\Zotero\\storage\\QLWDRUJK\\vers-de-nouveaux-catalogues--9782765415138-page-9.html:text/html},
}

@article{vanevarbush1945,
	keywords = {partie2},
	title = {As we may think},
	author = {{Vanevar Bush}},
	year = {1945},
	month = oct,
	journal = {Life Magazine},
	pages = {112--114},
	url = {https://worrydream.com/refs/Bush_1945_-_As_We_May_Think_(Life_Magazine).pdf},
	urldate = {2024-08-21},
	langid = {english},
	file = {/home/maxime/Zotero/storage/L6YGJPR7/Bush_1945_-_As_We_May_Think_(Life_Magazine).pdf}
}

@incollection{bermes_vers_2016-1,
  keywords = {partie2},
	location = {Paris},
	title = {Vers un catalogue orienté entités : la {FRBRisation} des catalogues},
	isbn = {978-2-7654-1513-8},
	url = {https://www.cairn.info/vers-de-nouveaux-catalogues--9782765415138-p-25.htm},
	series = {Bibliothèques},
	shorttitle = {Vers un catalogue orienté entités},
	abstract = {Peut-on parler de « nouveaux » catalogues alors qu’au cours des dernières décennies, les catalogues de bibliothèques n’ont cessé de se réinventer ? Des premières heures de l’informatisation aux {OPAC} dits de « nouvelle génération », des systèmes intégrés de gestion de bibliothèque ({SIGB}) aux portails de découverte, les catalogues n’ont cessé de présenter des visages pluriels. Pourtant, l’irruption du Web, le passage au numérique d’une partie significative des ressources documentaires et la remise en cause des formats {MARC} sont autant de tendances de long terme qui obligent les catalogues à se renouveler. Avec l’émergence d’un nouvel environnement technologique de la « data » (open data, linked data, data visualisation, big data…), ce ne sont plus tant les catalogues qui comptent que les données qu’ils contiennent, notamment lorsqu’il s’agit de leur diffusion sur le Web.Le paysage actuel des catalogues, tel qu’il se dresse à la lecture des contributions au présent ouvrage, voit les systèmes et pratiques évoluer de manières diverses, prenant inspiration dans un environnement technologique extrêmement stimulant, qui favorise les coopérations et l’inventivité et ouvre de nouveaux possibles. Loin de céder à une vision pessimiste des catalogues traditionnels, cœur de métier des bibliothèques, menacés de disparition, il laisse espérer l’émergence de « nouveaux catalogues », qui n’en porteront peut-être plus le nom, mais continueront à constituer la plateforme technologique sur laquelle se construit la mission première des bibliothèques : l’accès de tous à la connaissance et aux savoirs.},
	pages = {25--35},
	booktitle = {Vers de nouveaux catalogues},
	publisher = {Éditions du Cercle de la Librairie},
	author = {Bermès, Emmanuelle},
	urldate = {2024-08-19},
	date = {2016},
	langid = {french},
	doi = {10.3917/elec.berme.2016.01.0025},
	note = {{ISSN}: 0184-0886},
	file = {Snapshot:C\:\\Users\\grive\\Zotero\\storage\\BHDFGWN3\\vers-de-nouveaux-catalogues--9782765415138-page-25.html:text/html},
}

@incollection{lapotre_visualiser_2016,
  keywords = {partie2},
	location = {Paris},
	title = {Visualiser les données du catalogue},
	isbn = {978-2-7654-1513-8},
	url = {https://www.cairn.info/vers-de-nouveaux-catalogues--9782765415138-p-37.htm},
	series = {Bibliothèques},
	abstract = {Peut-on parler de « nouveaux » catalogues alors qu’au cours des dernières décennies, les catalogues de bibliothèques n’ont cessé de se réinventer ? Des premières heures de l’informatisation aux {OPAC} dits de « nouvelle génération », des systèmes intégrés de gestion de bibliothèque ({SIGB}) aux portails de découverte, les catalogues n’ont cessé de présenter des visages pluriels. Pourtant, l’irruption du Web, le passage au numérique d’une partie significative des ressources documentaires et la remise en cause des formats {MARC} sont autant de tendances de long terme qui obligent les catalogues à se renouveler. Avec l’émergence d’un nouvel environnement technologique de la « data » (open data, linked data, data visualisation, big data…), ce ne sont plus tant les catalogues qui comptent que les données qu’ils contiennent, notamment lorsqu’il s’agit de leur diffusion sur le Web.Le paysage actuel des catalogues, tel qu’il se dresse à la lecture des contributions au présent ouvrage, voit les systèmes et pratiques évoluer de manières diverses, prenant inspiration dans un environnement technologique extrêmement stimulant, qui favorise les coopérations et l’inventivité et ouvre de nouveaux possibles. Loin de céder à une vision pessimiste des catalogues traditionnels, cœur de métier des bibliothèques, menacés de disparition, il laisse espérer l’émergence de « nouveaux catalogues », qui n’en porteront peut-être plus le nom, mais continueront à constituer la plateforme technologique sur laquelle se construit la mission première des bibliothèques : l’accès de tous à la connaissance et aux savoirs.},
	pages = {37--47},
	booktitle = {Vers de nouveaux catalogues},
	publisher = {Éditions du Cercle de la Librairie},
	author = {Lapôtre, Raphaëlle},
	urldate = {2024-08-19},
	date = {2016},
	langid = {french},
	doi = {10.3917/elec.berme.2016.01.0037},
	note = {{ISSN}: 0184-0886},
	file = {Snapshot:C\:\\Users\\grive\\Zotero\\storage\\9BTZNABC\\vers-de-nouveaux-catalogues--9782765415138-page-37.html:text/html;Submitted Version:C\:\\Users\\grive\\Zotero\\storage\\JYEHPU5L\\Lapôtre - 2016 - Visualiser les données du catalogue.pdf:application/pdf},
}

@incollection{leresche_transition_2016,
  keywords = {partie2},
	location = {Paris},
	title = {La Transition bibliographique},
	isbn = {978-2-7654-1513-8},
	url = {https://www.cairn.info/vers-de-nouveaux-catalogues--9782765415138-p-49.htm},
	series = {Bibliothèques},
	abstract = {Peut-on parler de « nouveaux » catalogues alors qu’au cours des dernières décennies, les catalogues de bibliothèques n’ont cessé de se réinventer ? Des premières heures de l’informatisation aux {OPAC} dits de « nouvelle génération », des systèmes intégrés de gestion de bibliothèque ({SIGB}) aux portails de découverte, les catalogues n’ont cessé de présenter des visages pluriels. Pourtant, l’irruption du Web, le passage au numérique d’une partie significative des ressources documentaires et la remise en cause des formats {MARC} sont autant de tendances de long terme qui obligent les catalogues à se renouveler. Avec l’émergence d’un nouvel environnement technologique de la « data » (open data, linked data, data visualisation, big data…), ce ne sont plus tant les catalogues qui comptent que les données qu’ils contiennent, notamment lorsqu’il s’agit de leur diffusion sur le Web.Le paysage actuel des catalogues, tel qu’il se dresse à la lecture des contributions au présent ouvrage, voit les systèmes et pratiques évoluer de manières diverses, prenant inspiration dans un environnement technologique extrêmement stimulant, qui favorise les coopérations et l’inventivité et ouvre de nouveaux possibles. Loin de céder à une vision pessimiste des catalogues traditionnels, cœur de métier des bibliothèques, menacés de disparition, il laisse espérer l’émergence de « nouveaux catalogues », qui n’en porteront peut-être plus le nom, mais continueront à constituer la plateforme technologique sur laquelle se construit la mission première des bibliothèques : l’accès de tous à la connaissance et aux savoirs.},
	pages = {49--67},
	booktitle = {Vers de nouveaux catalogues},
	publisher = {Éditions du Cercle de la Librairie},
	author = {Leresche, Françoise},
	urldate = {2024-08-19},
	date = {2016},
	langid = {french},
	doi = {10.3917/elec.berme.2016.01.0049},
	note = {{ISSN}: 0184-0886},
	file = {Snapshot:C\:\\Users\\grive\\Zotero\\storage\\ZFTAQP8J\\vers-de-nouveaux-catalogues--9782765415138-page-49.html:text/html},
}

@incollection{poupeau_donnee_2016,
  keywords = {partie2},
	location = {Paris},
	title = {La donnée : nouvelle perspective pour les bibliothèques},
	isbn = {978-2-7654-1513-8},
	url = {https://www.cairn.info/vers-de-nouveaux-catalogues--9782765415138-p-159.htm},
	series = {Bibliothèques},
	shorttitle = {La donnée},
	abstract = {Peut-on parler de « nouveaux » catalogues alors qu’au cours des dernières décennies, les catalogues de bibliothèques n’ont cessé de se réinventer ? Des premières heures de l’informatisation aux {OPAC} dits de « nouvelle génération », des systèmes intégrés de gestion de bibliothèque ({SIGB}) aux portails de découverte, les catalogues n’ont cessé de présenter des visages pluriels. Pourtant, l’irruption du Web, le passage au numérique d’une partie significative des ressources documentaires et la remise en cause des formats {MARC} sont autant de tendances de long terme qui obligent les catalogues à se renouveler. Avec l’émergence d’un nouvel environnement technologique de la « data » (open data, linked data, data visualisation, big data…), ce ne sont plus tant les catalogues qui comptent que les données qu’ils contiennent, notamment lorsqu’il s’agit de leur diffusion sur le Web.Le paysage actuel des catalogues, tel qu’il se dresse à la lecture des contributions au présent ouvrage, voit les systèmes et pratiques évoluer de manières diverses, prenant inspiration dans un environnement technologique extrêmement stimulant, qui favorise les coopérations et l’inventivité et ouvre de nouveaux possibles. Loin de céder à une vision pessimiste des catalogues traditionnels, cœur de métier des bibliothèques, menacés de disparition, il laisse espérer l’émergence de « nouveaux catalogues », qui n’en porteront peut-être plus le nom, mais continueront à constituer la plateforme technologique sur laquelle se construit la mission première des bibliothèques : l’accès de tous à la connaissance et aux savoirs.},
	pages = {159--171},
	booktitle = {Vers de nouveaux catalogues},
	publisher = {Éditions du Cercle de la Librairie},
	author = {Poupeau, Gautier},
	urldate = {2024-08-19},
	date = {2016},
	langid = {french},
	doi = {10.3917/elec.berme.2016.01.0159},
	note = {{ISSN}: 0184-0886},
	file = {Snapshot:C\:\\Users\\grive\\Zotero\\storage\\XEKYP2I2\\vers-de-nouveaux-catalogues--9782765415138-page-159.html:text/html},
}

@article{carre-marillonnet_transition_2022,
  keywords = {partie2},
	title = {Transition bibliographique : 7 ans plus tard, où en sommes-nous ?},
	volume = {357},
	issn = {2260-166X},
	shorttitle = {Transition bibliographique},
	abstract = {Avec l’automatisation, les applications de gestion électronique des documents (Ged) peuvent franchir un pas de plus en faveur des organisations dématérialisées. Les enjeux sont multiples : gain d’efficacité, bien sûr, mais aussi meilleures fiabilité et traçabilité. Pour automatiser davantage, il faudra identifier les flux, chasser les tâches sans valeur ajoutée, modéliser, tester, mettre en oeuvre…},
	pages = {36--37},
	number = {7},
	author = {Carré-Marillonnet, Fabien and Aymonin, David},
	date = {2022},
	langid = {french},
	doi = {10.3917/arma.357.0036},
	note = {Publisher: Serda Archimag},
}

@incollection{mesguich_5_2017,
  keywords = {partie2},
	location = {Paris},
	title = {5. De nouveaux chemins pour accéder aux ressources},
	isbn = {978-2-7654-1521-3},
	url = {https://www.cairn.info/bibliotheques-le-web-est-a-vous--9782765415213-p-105.htm},
	series = {Bibliothèques},
	abstract = {Le Web est aux bibliothèques qui savent tirer parti de sa richesse et de sa diversité, au service de publics toujours plus connectés. Au cours de ces dernières années marquées par la dématérialisation des supports, la question de l’évolution des bibliothèques s’est souvent traduite en termes de « lieux » conviviaux et adaptés aux nombreux usages des différents publics. Mais qu’en est-il de la présence, de l’offre de services et de la visibilité des bibliothèques sur le Web ? Le Web de la fin des années 2010 est multimédia et accessible en temps réel. Il permet de relier des personnes, des documents, des données, et même des objets. Il offre de nombreuses opportunités pour les bibliothèques, quelle que soit leur nature. À l’heure de la mobilité et des plateformes collaboratives, à l’heure de la « génération qui ne veut pas posséder », à l’heure des données ouvertes et de plus en plus massives, de nombreux enjeux se font jour. Au-delà des étiquettes « Web 2.0 », « Web 3.0 », ou encore « Web des objets », il s’agit pour les bibliothécaires d’utiliser celui-ci pour y inscrire la bibliothèque, ses ressources et ses services, afin d’attirer et de fidéliser de nouveaux publics, de renforcer les liens avec et entre les usagers, de créer de nouveaux services, et plus globalement de faire rayonner l’offre de la bibliothèque et la compétence de ses équipes.Cet ouvrage s’adresse à tous les professionnels des bibliothèques et décrit d’un point de vue très opérationnel les différents moyens de répondre à ces enjeux cruciaux. Chaque chapitre est consacré à un thème spécifique : créer et gérer des communautés via les médias sociaux (de Facebook à Pinterest, en passant par {YouTube}) ; augmenter la visibilité des catalogues et des bibliothèques numériques grâce aux nouveaux modèles de catalogage et aux principes du référencement naturel ; valoriser et disséminer les ressources électroniques, notamment à travers la visibilité des livres numériques et le développement d’applications ; analyser et filtrer la surabondance informationnelle grâce à la veille, la curation et en s’appuyant sur les humanités numériques…Chacun des nombreux canaux, méthodes ou services présentés fait l’objet d’une description détaillée, illustrée par des exemples concrets et des bonnes pratiques. La question des compétences nécessaires, ainsi que les aspects juridiques et organisationnels sont également évoqués.},
	pages = {105--143},
	booktitle = {Bibliothèques : le Web est à vous},
	publisher = {Éditions du Cercle de la Librairie},
	author = {Mesguich, Véronique},
	urldate = {2024-08-19},
	date = {2017},
	langid = {french},
	note = {{ISSN}: 0184-0886},
	file = {Snapshot:C\:\\Users\\grive\\Zotero\\storage\\56C3EJQF\\bibliotheques-le-web-est-a-vous--9782765415213-page-105.html:text/html},
}

@unpublished{robineau_programme_2023,
  keywords = {partie2},
	location = {Archives nationales (Pierrefitte-sur-Seine)},
	title = {Le programme {IIIF} 360 pour les archives},
	note = {Journée d'étude internationale {IIIF}},
	author = {{ROBINEAU}, Régis and {SAJDAK}, Cécile},
	date = {2023-11-30},
}

@unpublished{brunet_archives_2023,
  keywords = {partie2},
	location = {Archives nationales (Pierrefitte-sur-Seine)},
	title = {les archives du Lot-et-Garonne en route vers le {IIIF}},
	note = {Journée d'étude internationale {IIIF}},
	author = {Brunet, Isabelle and Capot, Stéphane and Buset, Marc and Moreau, Charles},
	date = {2023-11-30},
}

@article{dribault_dujardin_levolution_2020,
  keywords = {partie2},
	title = {L’évolution des pratiques de description des archives documentaires de l’Institut national de l’audiovisuel ({INA}) à l’ère du numérique},
	rights = {free},
	url = {https://www.persee.fr/doc/gazar_0016-5522_2020_num_257_1_5948},
	doi = {10.3406/gazar.2020.5948},
	abstract = {Depuis plus de quarante ans, l’Institut national de l’audiovisuel ({INA}) oeuvre à la préservation, à la conservation et à la valorisation du patrimoine audiovisuel. Il a, très tôt, grâce à une politique de numérisation de ses fonds, proposé des produits innovants permettant de valoriser ses collections et de répondre à de nouveaux besoins. L’{INA} a choisi de refondre son système d’information documentaire pour répondre aux changements liés à l’accroissement et à la diversification de ses fonds et à la prise en compte de nouvelles technologies. Cette refonte répond aux évolutions des modes de recherche et se base sur deux principes : fédérer les descriptions dans une base unique, et concevoir un modèle générique pour toutes les natures de documents. L’{INA} a assuré la cohérence de ses bases au fil du temps. À l’arrivée du nouveau système d’information et l’implémentation d’outils liés au numérique, il convient d’assurer la gouvernance de la donnée.},
	author = {Dribault Dujardin, Claire Marie and Fackler, Dominique and Pichon, Jeannette},
	urldate = {2024-08-19},
	date = {2020},
	note = {Publisher: Persée - Portail des revues scientifiques en {SHS}},
}

@article{windhager_visualization_2019,
  keywords = {partie2},
	title = {Visualization of Cultural Heritage Collection Data: State of the Art and Future Challenges},
	volume = {25},
	rights = {https://ieeexplore.ieee.org/Xplorehelp/downloads/license-information/{OAPA}.html},
	issn = {1077-2626, 1941-0506, 2160-9306},
	url = {https://ieeexplore.ieee.org/document/8352050/},
	doi = {10.1109/TVCG.2018.2830759},
	shorttitle = {Visualization of Cultural Heritage Collection Data},
	pages = {2311--2330},
	number = {6},
	journaltitle = {{IEEE} Transactions on Visualization and Computer Graphics},
	shortjournal = {{IEEE} Trans. Visual. Comput. Graphics},
	author = {Windhager, Florian and Federico, Paolo and Schreder, Gunther and Glinka, Katrin and Dork, Marian and Miksch, Silvia and Mayr, Eva},
	urldate = {2024-08-19},
	date = {2019-06-01},
	file = {Full Text:C\:\\Users\\grive\\Zotero\\storage\\JY2L8BX2\\Windhager et al. - 2019 - Visualization of Cultural Heritage Collection Data.pdf:application/pdf},
}

@article{gilman_museum_1916,
  keywords = {partie2},
	title = {Museum Fatigue},
	volume = {2},
	issn = {0096-3771},
	url = {https://www.jstor.org/stable/6127},
	pages = {62--74},
	number = {1},
	journaltitle = {The Scientific Monthly},
	author = {Gilman, Benjamin Ives},
	urldate = {2024-08-19},
	date = {1916},
	note = {Publisher: American Association for the Advancement of Science},
	file = {JSTOR Full Text PDF:C\:\\Users\\grive\\Zotero\\storage\\Y7Q6JUYM\\Gilman - 1916 - Museum Fatigue.pdf:application/pdf},
}

@thesis{shen_generous_2023,
  keywords = {partie2},
	title = {A Generous Interface for the Discoverability of Text Collections},
	rights = {In Copyright - Educational Use Permitted},
	url = {https://dspace.mit.edu/handle/1721.1/151417},
	abstract = {Existing search interfaces for digital collections are excellent for finding specific items, but are unfriendly to inexperienced users, fail to facilitate exploration, and do not highlight the internal relationships and structures within a collection. Generous interfaces have been theorized as an alternative to search-centric information retrieval, and have begun to be implemented in a limited number of digital cultural institutions. However, there are almost no examples of generous interfaces for text-based collections, a significant omission. In this thesis, I propose and implement an experimental interface to explore a collection of nearly 50,000 theses sourced from {MIT}’s {DSpace} collection: a “spatial search” where content is mapped onto a two-dimensional virtual space that enables users to search by “moving” rather than through queries. I then use an experiment to evaluate the interface against a traditional search interface, and find consistent evidence that the interface improves exploration, quality of items found, and user engagement when participants are asked to freely explore.},
	institution = {Massachusetts Institute of Technology},
	type = {Thesis},
	author = {Shen, Jeffrey J.},
	urldate = {2024-08-19},
	date = {2023-06},
	langid = {english},
	note = {Accepted: 2023-07-31T19:38:10Z},
	file = {Full Text PDF:C\:\\Users\\grive\\Zotero\\storage\\ZLYD3HQ4\\Shen - 2023 - A Generous Interface for the Discoverability of Te.pdf:application/pdf},
}

@online{miller_networked_2014,
  keywords = {partie2},
	title = {The Networked Catalog {\textbar} The New York Public Library},
	url = {https://www.nypl.org/blog/2014/07/31/networked-catalog},
	author = {Miller, Matt},
	urldate = {2024-08-19},
	date = {2014-07-31},
	file = {The Networked Catalog | The New York Public Library:C\:\\Users\\grive\\Zotero\\storage\\N928PCFE\\networked-catalog.html:text/html},
}

@article{hachour_fouille_2015,
  keywords = {partie2},
	title = {De la fouille à la visualisation de données : un processus interprétatif},
	volume = {52},
	issn = {2428-2111},
	url = {https://www.cairn.info/revue-i2d-information-donnees-et-documents-2015-2-page-42.htm},
	doi = {10.3917/i2d.152.0042},
	shorttitle = {De la fouille à la visualisation de données},
	abstract = {[théorie] La visualisation s’inscrit dans la tradition des pratiques informationnelles dont l’objectif est de réaliser un document de synthèse présentant des aspects d’un ensemble de données complexes.},
	pages = {42--43},
	number = {2},
	journaltitle = {I2D - Information, données \& documents},
	shortjournal = {I2D - Information, données \& documents},
	author = {Hachour, Hakim},
	urldate = {2024-08-19},
	date = {2015},
	langid = {french},
	note = {Place: Paris
Publisher: A.D.B.S.},
	file = {Full Text PDF:C\:\\Users\\grive\\Zotero\\storage\\V95WYV3Z\\Hachour - 2015 - De la fouille à la visualisation de données  un p.pdf:application/pdf},
}

@article{windhager_review_nodate,
  keywords = {partie2},
	title = {A Review of Information Visualization Approaches and Interfaces to Digital Cultural Heritage Collections},
	abstract = {After decades of digitization, the web hosts a large scale museum, consisting of millions of digital cultural objects. To balance the drawbacks of parsimonious search-centric interfaces, various approaches have been developed to enable also visual access to these collections, and to browse and explore the cultural richness of existing archives. This paper reviews information visualization approaches to digital cultural heritage collections, reflects on prominent arrangement principles and design choices for digital collection interfaces, and points out options for future research.},
	author = {Windhager, Florian and Federico, Paolo and Mayr, Eva and Schreder, Günther and Smuc, Michael},
	langid = {english},
	file = {Windhager et al. - A Review of Information Visualization Approaches a.pdf:C\:\\Users\\grive\\Zotero\\storage\\LH9X39HX\\Windhager et al. - A Review of Information Visualization Approaches a.pdf:application/pdf},
}

@online{noauthor_chronicling_nodate,
  keywords = {partie2},
	title = {Chronicling America Maps and Visualizations - National Digital Newspaper Program (Library of Congress)},
	url = {https://www.loc.gov/ndnp/data-visualizations/},
	urldate = {2024-08-19},
	file = {Chronicling America Maps and Visualizations - National Digital Newspaper Program (Library of Congress):C\:\\Users\\grive\\Zotero\\storage\\J2CAMB5J\\data-visualizations.html:text/html},
}

@article{windhager_orchestrating_2018,
  keywords = {partie2},
	title = {Orchestrating Overviews: A Synoptic Approach to the Visualization of Cultural Collections},
	volume = {4},
	rights = {http://creativecommons.org/licenses/by/4.0},
	issn = {2056-6700},
	url = {https://olh.openlibhums.org/articles/10.16995/olh.276/},
	doi = {10.16995/olh.276},
	shorttitle = {Orchestrating Overviews},
	pages = {9},
	number = {2},
	journaltitle = {Open Library of Humanities},
	author = {Windhager, Florian and Salisu, Saminu and Schreder, Günther and Mayr, Eva},
	urldate = {2024-08-19},
	date = {2018-08-13},
	langid = {english},
	file = {Full Text:C\:\\Users\\grive\\Zotero\\storage\\PA7RDDIR\\Windhager et al. - 2018 - Orchestrating Overviews A Synoptic Approach to th.pdf:application/pdf},
}

@online{noauthor_impresso_nodate,
  keywords = {partie2},
	title = {impresso {\textbar} Media Monitoring of the Past},
	url = {https://impresso-project.ch/app/},
	urldate = {2024-08-19},
	file = {impresso | Media Monitoring of the Past:C\:\\Users\\grive\\Zotero\\storage\\6YILVRI4\\app.html:text/html},
}

@online{noauthor_philosophie_nodate,
  keywords = {partie2},
	title = {Philosophie de l’héritage et humanités numériques ({PHILHERIT} {DH}) - Université Côte d'Azur},
	url = {https://univ-cotedazur.fr/recherche-innovation/structures-de-recherche/academies-dexcellence/academie-dexcellence-homme-idees-et-milieux/projets-de-recherche/projets-2020-2024/phil-herit-dh},
	urldate = {2024-08-19},
	file = {Philosophie de l’héritage et humanités numériques (PHILHERIT DH) - Université Côte d'Azur:C\:\\Users\\grive\\Zotero\\storage\\2NG4NIXR\\phil-herit-dh.html:text/html},
}

@book{foucault_archeologie_2008,
  keywords = {partie2},
	location = {Paris},
	title = {L'archéologie du savoir},
	isbn = {978-2-07-011987-5},
	series = {Tel},
	number = {354},
	publisher = {Gallimard},
	author = {Foucault, Michel},
	date = {2008},
}

@article{ehrmann_explorer_2021,
  keywords = {partie2},
	title = {Explorer la presse numérisée : le projet Impresso},
	volume = {129/2021},
	url = {https://infoscience.epfl.ch/handle/20.500.14299/185588},
	shorttitle = {Explorer la presse numérisée},
	abstract = {« Impresso – Media Monitoring of the Past » est un projet de recherche interdisciplinaire dans lequel une équipe d’historiens, de linguistes informaticiens et de designers collabore à la mise en données d’un corpus d’archives de presse numérisées. Les principaux objectifs du projet sont d’améliorer les outils d’extraction d’information pour les textes historiques, d’indexer sémantiquement des journaux historiques, et d’intégrer les enrichissements obtenus dans les pratiques de recherche des historiens au moyen d’une interface nouvellement développée.},
	pages = {159--173},
	author = {Ehrmann, Maud},
	urldate = {2024-08-19},
	date = {2021-11-27},
	langid = {english},
	file = {Full Text PDF:C\:\\Users\\grive\\Zotero\\storage\\F7HES6GQ\\Ehrmann - 2021 - Explorer la presse numérisée  le projet Impresso.pdf:application/pdf},
}

@article{during_transparent_2024,
  keywords = {partie2},
	title = {Transparent generosity. Introducing the \textit{impresso} interface for the exploration of semantically enriched historical newspapers},
	volume = {57},
	issn = {0161-5440, 1940-1906},
	url = {https://www.tandfonline.com/doi/full/10.1080/01615440.2024.2344004},
	doi = {10.1080/01615440.2024.2344004},
	pages = {20--40},
	number = {1},
	journaltitle = {Historical Methods: A Journal of Quantitative and Interdisciplinary History},
	shortjournal = {Historical Methods: A Journal of Quantitative and Interdisciplinary History},
	author = {Düring, Marten and Bunout, Estelle and Guido, Daniele},
	urldate = {2024-08-19},
	date = {2024-01-02},
	langid = {english},
}

@online{noauthor_revolte_2018,
  keywords = {partie2},
	title = {La révolte des abricots de 1953: des citoyens saxonains revalorisent un épisode de l’histoire agricole valaisanne},
	url = {https://canal9.ch/fr/la-revolte-des-abricots-de-1953-des-citoyens-saxonains-revalorisent-un-episode-de-lhistoire-agricole-valaisanne/},
	shorttitle = {La révolte des abricots de 1953},
	abstract = {Le 7 août 1953 à Saxon, 5000 personnes se réunissaient pour protester contre un arrêté fédéral interdisant la cueillette des abricots avec à leur tête, une poignée d’agriculteurs, les fondateurs de l’Union des producteurs valaisans. Charly Nicolet et Roland Juilland en témoignent. D’ici l’été 2019, quelques Saxonains leur rendront hommage avec le concours de la...},
	titleaddon = {Canal9},
	urldate = {2024-08-19},
	date = {2018-09-25},
	langid = {french},
	note = {Section: {ACTUALITÉS}},
	file = {Snapshot:C\:\\Users\\grive\\Zotero\\storage\\9ZQK6HAV\\la-revolte-des-abricots-de-1953-des-citoyens-saxonains-revalorisent-un-episode-de-lhistoire-agr.html:text/html},
}

@online{noauthor_overall_nodate,
  keywords = {partie2},
	title = {Overall Aims – {InTavia}},
	url = {https://web.archive.org/web/20231207162031/https:/intavia.eu/overall-aims/},
	urldate = {2024-08-19},
}

@misc{liem_workflow_2023,
  keywords = {partie2},
	title = {A Workflow Approach to Visualization-Based Storytelling with Cultural Heritage Data},
	url = {http://arxiv.org/abs/2310.13718},
	abstract = {Stories are as old as human history - and a powerful means for the engaging communication of information, especially in combination with visualizations. The {InTaVia} project is built on this intersection and has developed a platform which supports the workflow of cultural heritage experts to create compelling visualization-based stories: From the search for relevant cultural objects and actors in a cultural knowledge graph, to the curation and visual analysis of the selected information, and to the creation of stories based on these data and visualizations, which can be shared with the interested public.},
	number = {{arXiv}:2310.13718},
	publisher = {{arXiv}},
	author = {Liem, Johannes and Kusnick, Jakob and Beck, Samuel and Windhager, Florian and Mayr, Eva},
	urldate = {2024-08-19},
	date = {2023-10-17},
	eprinttype = {arxiv},
	eprint = {2310.13718 [cs]},
	file = {arXiv Fulltext PDF:C\:\\Users\\grive\\Zotero\\storage\\JTYGC9V5\\Liem et al. - 2023 - A Workflow Approach to Visualization-Based Storyte.pdf:application/pdf;arXiv.org Snapshot:C\:\\Users\\grive\\Zotero\\storage\\PRRDDXFJ\\2310.html:text/html},
}

@online{noauthor_system_nodate,
  keywords = {partie2},
	title = {System Architecture – {InTavia}},
	url = {https://web.archive.org/web/20231024054641/https:/intavia.eu/system-architecture/},
	urldate = {2024-08-19},
}

@online{noel_william_nodate,
  keywords = {partie2},
  date = {2021-05-12},
	title = {William Noel: Revealing the lost codex of Archimedes {\textbar} {TED} Talk},
	url = {https://www.ted.com/talks/william_noel_revealing_the_lost_codex_of_archimedes?subtitle=en},
	author = {Noel, William},
	translator = {Jaccarini, Anouk},
	urldate = {2024-08-19},
}

@thesis{neroulidis_crowdsourcing_2015,
  keywords = {partie2},
	location = {{LYON}},
	title = {Le crowdsourcing appliqué aux archives numériques : concepts, pratiques et enjeux},
	url = {https://www.enssib.fr/bibliotheque-numerique/documents/66008-le-crowdsourcing-applique-aux-archives-numeriques-concepts-pratiques-et-enjeux.pdf},
	pagetotal = {109},
	institution = {Université de Lyon, {ENSSIB}},
	type = {Mémoire de Master},
	author = {Néroulidis, Ariane},
	urldate = {2024-08-19},
	date = {2015},
	file = {66008-le-crowdsourcing-applique-aux-archives-numeriques-concepts-pratiques-et-enjeux.pdf:C\:\\Users\\grive\\Zotero\\storage\\CBKECLEK\\66008-le-crowdsourcing-applique-aux-archives-numeriques-concepts-pratiques-et-enjeux.pdf:application/pdf},
}

@online{noauthor_notrehistoirech_nodate,
  keywords = {partie2},
	title = {{notreHistoire}.ch},
	url = {https://notrehistoire.ch},
	abstract = {Nos vies : un siècle d’histoire des Suisses par leurs images},
	urldate = {2024-08-19},
	langid = {french},
	file = {Snapshot:C\:\\Users\\grive\\Zotero\\storage\\DKK6DA9C\\a-propos.html:text/html},
}

@online{bermes_futur_2024,
  keywords = {partie2},
	title = {Le futur de la recherche documentaire : {RAG} time ! {\textbar} Figoblog},
	url = {https://figoblog.org/2024/03/30/le-futur-de-la-recherche-documentaire-rag-time/},
	titleaddon = {Figoblog},
	author = {Bermès, Emmanuelle},
	urldate = {2024-08-19},
	date = {2024-03-30},
	file = {Le futur de la recherche documentaire \: RAG time ! | Figoblog:C\:\\Users\\grive\\Zotero\\storage\\QEZX3EWW\\le-futur-de-la-recherche-documentaire-rag-time.html:text/html},
}

@online{pouyllau_quels_2024,
  keywords = {partie2},
	title = {Quels usages du “Retrieval-augmented generation” en {SHS} ?},
	url = {https://hnlab.huma-num.fr/blog/2024/03/17/RAG/},
	abstract = {Ce court billet introduit les Retrieval-augmented generation dans leurs usages au sein des displines {SHS}, en particulier la recherche documentaire et l'histoire},
	titleaddon = {{HN} Lab Log},
	type = {Page Web},
	author = {Pouyllau, Stéphane and Ollama, {LLAMA}2 +},
	urldate = {2024-08-19},
	date = {2024-03-17},
	note = {Publisher: {HN} Lab},
	file = {Snapshot:C\:\\Users\\grive\\Zotero\\storage\\435J3YJJ\\RAG.html:text/html},
}

@article{pillaud_et_2024,
  keywords = {partie2},
	title = {Et si l’intelligence artificielle nous faisait changer de logique ?},
	volume = {405},
	issn = {2114-6497},
	url = {https://www.cairn.info/revue-paysan-et-societe-2024-3-page-25.htm},
	doi = {10.3917/pes.405.0025},
	pages = {25--33},
	number = {3},
	journaltitle = {Paysans \& société},
	shortjournal = {Paysans \& société},
	author = {Pillaud, Hervé},
	urldate = {2024-08-19},
	date = {2024},
	langid = {french},
	note = {Place: Paris
Publisher: Revue Paysans et Société},
	file = {Full Text PDF:C\:\\Users\\grive\\Zotero\\storage\\WTGWFC5Y\\Pillaud - 2024 - Et si l’intelligence artificielle nous faisait cha.pdf:application/pdf;Snapshot:C\:\\Users\\grive\\Zotero\\storage\\HLTDET8C\\revue-paysan-et-societe-2024-3-page-25.html:text/html},
}

@online{noauthor_ia_nodate,
  keywords = {partie2},
	title = {{IA} générative et gouvernance des données {\textbar} {IA} générative sur Vertex {AI}},
	url = {https://cloud.google.com/vertex-ai/generative-ai/docs/data-governance?hl=fr},
	titleaddon = {Google Cloud},
	urldate = {2024-08-19},
	langid = {french},
	file = {Snapshot:C\:\\Users\\grive\\Zotero\\storage\\ZCNVLXSD\\data-governance.html:text/html},
}

@online{clavey_bnf_2024,
  keywords = {partie2},
	title = {La {BNF} : un réservoir de données pour les {IA}},
	url = {https://next.ink/142051/la-bnf-un-reservoir-de-donnees-pour-les-ia/},
	shorttitle = {La {BNF}},
	abstract = {Un consortium des trois startups de l’{IA} générative Artefact, Mistral {AI} et Giskard, en partenariat avec la Bibliothèque nationale de France ({BNF}) et l’Institut national de l’audiovisuel ({INA}), a été sélectionné par Bpifrance après un appel à projets nommé « Communs numériques pour l’intelligence artificielle générative ». L’idée est d’utiliser les données du domaine public rassemblées par […]},
	titleaddon = {Next},
	author = {Clavey, Martin},
	urldate = {2024-08-19},
	date = {2024-06-27},
	langid = {french},
	file = {Snapshot:C\:\\Users\\grive\\Zotero\\storage\\RV9C5VS8\\la-bnf-un-reservoir-de-donnees-pour-les-ia.html:text/html},
}

@online{forbes_internet_2024,
  keywords = {partie2},
	title = {Internet n’est pas assez développé pour former l’{IA}, mais une solution existe : les fausses données},
	url = {https://www.forbes.fr/technologie/internet-nest-pas-assez-developpe-pour-former-l-ia-mais-une-solution-existe-les-fausses-donnees/},
	shorttitle = {Internet n’est pas assez développé pour former l’{IA}, mais une solution existe},
	abstract = {Une nouvelle vague de start-up anticipe la crise existentielle à laquelle est confrontée l’industrie de l’intelligence artificielle ({IA}) : que se...Une nouvelle vague de start-up anticipe la crise existentielle à laquelle est confrontée l’industrie de l’intelligence artificielle ({IA}) : que se passera-t-il lorsqu’on sera à court de données ?},
	titleaddon = {Forbes France},
	author = {sans auteur},
	urldate = {2024-08-19},
	date = {2024-07-29},
	langid = {french},
	file = {Snapshot:C\:\\Users\\grive\\Zotero\\storage\\V2VYXLYT\\internet-nest-pas-assez-developpe-pour-former-l-ia-mais-une-solution-existe-les-fausses-donnees.html:text/html},
}

@online{noauthor_entrainer_nodate,
  keywords = {partie2},
	title = {Entraîner une intelligence artificielle avec des données générées par {IA} conduit à l’absurde - Le Temps},
	url = {https://www.letemps.ch/sciences/entrainer-une-ia-avec-des-donnees-d-ia-conduit-a-l-absurde?srsltid=AfmBOopRmg4l1Q16bXgFanx2YVuh7h6o3CeuU05qkvmGvq9apQAlbtIS},
	urldate = {2024-08-19},
	file = {Entraîner une intelligence artificielle avec des données générées par IA conduit à l’absurde - Le Temps:C\:\\Users\\grive\\Zotero\\storage\\KWGLE7V5\\entrainer-une-ia-avec-des-donnees-d-ia-conduit-a-l-absurde.html:text/html},
}

@online{noauthor_etats-unis_nodate,
  keywords = {partie2},
	title = {Etats-Unis : un Américain noir arrêté à tort à cause de la technologie de reconnaissance faciale},
	url = {https://www.lemonde.fr/international/article/2020/06/24/un-americain-noir-arrete-a-tort-a-cause-de-la-technologie-de-reconnaissance-faciale_6044073_3210.html},
	urldate = {2024-08-19},
	file = {Etats-Unis \: un Américain noir arrêté à tort à cause de la technologie de reconnaissance faciale:C\:\\Users\\grive\\Zotero\\storage\\8KYIL3WQ\\un-americain-noir-arrete-a-tort-a-cause-de-la-technologie-de-reconnaissance-faciale_6044073_321.html:text/html},
}

@report{ministeres_de_la_culture_france_et_quebec_rapport_2020,
  keywords = {partie3},
	location = {France, Québec},
	title = {Rapport - Mission franco-québécoise sur la découvrablilité en ligne des contenus culturels francophones},
	url = {https://www.culture.gouv.fr/Media/medias-creation-rapide-ne-pas-supprimer/Rapport-Mission-franco-quebecoise-sur-la-decouvrablilite-en-ligne-des-contenus-culturels-francophones.pdf},
	pages = {60},
	institution = {Ministère de la Culture},
	author = {Ministères de la Culture (France et Québec)},
	date = {2020},
	file = {Rapport - Mission franco-québécoise sur la découvrablilité en ligne des contenus culturels francophones (1).pdf:C\:\\Users\\grive\\Zotero\\storage\\UDLVPQ7H\\Rapport - Mission franco-québécoise sur la découvrablilité en ligne des contenus culturels francophones (1).pdf:application/pdf},
}

@online{lessig_code_2000,
  keywords = {partie3},
	title = {Code is Law – Traduction française du célèbre article de Lawrence Lessig – Framablog},
	url = {https://framablog.org/2010/05/22/code-is-law-lessig/},
	titleaddon = {Framblog.org},
	author = {Lessig, Lawrence},
	translator = {Barbidule and Siltaar and Goofy and Don Rico},
	urldate = {2024-08-19},
	date = {2000-01},
	file = {Code is Law – Traduction française du célèbre article de Lawrence Lessig – Framablog:C\:\\Users\\grive\\Zotero\\storage\\43P52F4H\\code-is-law-lessig.html:text/html},
}

@article{goeta_fred_2013,
  keywords = {partie3},
	title = {Fred Turner, Aux sources de l’utopie numérique. De la contre-culture à la cyberculture, Stewart Brand un homme d’influence: Trad. de l’anglais par Laurent Vannini, Caen, C\&F Éd., 2012, 432 p.},
	issn = {1633-5961, 2259-8901},
	url = {http://journals.openedition.org/questionsdecommunication/8619},
	doi = {10.4000/questionsdecommunication.8619},
	shorttitle = {Fred Turner, Aux sources de l’utopie numérique. De la contre-culture à la cyberculture, Stewart Brand un homme d’influence},
	pages = {493--495},
	number = {23},
	journaltitle = {Questions de communication},
	shortjournal = {questionsdecommunication},
	author = {Goëta, Samuel},
	urldate = {2024-08-19},
	date = {2013-08-31},
	file = {Full Text:C\:\\Users\\grive\\Zotero\\storage\\MV3NC5ZJ\\Goëta - 2013 - Fred Turner, Aux sources de l’utopie numérique. De.pdf:application/pdf},
}

@incollection{durand_chapitre_2016,
  keywords = {partie3},
	location = {Paris},
	title = {Chapitre 1 - L’ère de l’hyperchoix},
	isbn = {978-2-7246-1980-5},
	url = {https://www.cairn.info/l-attaque-des-clones--9782724619805-p-19.htm},
	series = {Nouveaux Débats},
	abstract = {Des milliards de consommateurs connectés. Des millions d'oeuvres disponibles. Et seulement une dizaine d'entreprises globales pour organiser leur rencontre... Allons-nous vers un foisonnement culturel inédit ou au contraire vers l’uniformisation des goûts via l’hégémonie de quelques acteurs ?
Entre les rêves d’ouverture mondiale et le cauchemar de la manipulation et du clonage des productions, la bataille a déjà commencé. Son enjeu est la diversité culturelle. Son arme, la data, est à double tranchant. Savoir l’utiliser pour encourager la découverte plutôt que la reproduction : telle est, pour Emmanuel Durand, la clé d’un nouvel âge de la culture.},
	pages = {19--28},
	booktitle = {L’attaque des clones},
	publisher = {Presses de Sciences Po},
	author = {Durand, Emmanuel},
	urldate = {2024-08-19},
	date = {2016},
	langid = {french},
	file = {Snapshot:C\:\\Users\\grive\\Zotero\\storage\\NLQXGP5Y\\l-attaque-des-clones--9782724619805-page-19.html:text/html},
}

@online{noauthor_hyperchoix_nodate,
  keywords = {partie3},
	title = {Hyperchoix et prescription culturelle},
	url = {https://www.fabula.org/actualites/64314/colloque-international-hyperchoix-et-prescription-culturelle.html},
	urldate = {2024-08-19},
	file = {Hyperchoix et prescription culturelle:C\:\\Users\\grive\\Zotero\\storage\\ZWXNLDG8\\colloque-international-hyperchoix-et-prescription-culturelle.html:text/html},
}

@online{noauthor_du_nodate,
  keywords = {partie3},
	title = {Du Web sémantique au Web synthétique – affordance.info},
	url = {https://affordance.framasoft.org/2023/10/du-web-semantique-au-web-synthetique/},
	urldate = {2024-08-19},
	file = {Du Web sémantique au Web synthétique – affordance.info:C\:\\Users\\grive\\Zotero\\storage\\7NB4JD58\\du-web-semantique-au-web-synthetique.html:text/html},
}

@online{laugee__2013,
  keywords = {partie3},
	title = {La « viralité » ou l’illusion d’hyperchoix : « l’information qu’il nous faut »},
	url = {https://la-rem.eu/2013/03/la-viralite-ou-lillusion-dhyperchoix-linformation-quil-nous-faut/},
	shorttitle = {La « viralité » ou l’illusion d’hyperchoix},
	abstract = {Les géants du Net sont les nouveaux gatekeepers de l’information en ligne, créant ainsi les conditions d’une distribution « virale » des nouvelles. En faisant de la personnalisation des services une règle, véritablement Google et Facebook ont inventé « l’information sur mesure de masse ». Fustigeant la dépendance de la presse vis-à-vis de la publicité,...},
	titleaddon = {La revue européenne des médias et du numérique},
	author = {Laugée, Françoise},
	urldate = {2024-08-19},
	date = {2013-03-21},
	langid = {french},
	note = {Section: Articles \& chroniques},
	file = {Snapshot:C\:\\Users\\grive\\Zotero\\storage\\RZJTYBQ4\\la-viralite-ou-lillusion-dhyperchoix-linformation-quil-nous-faut.html:text/html},
}

@online{kaplan_quand_2011,
  keywords = {partie3},
	title = {Quand les mots valent de l'or},
	url = {https://www.monde-diplomatique.fr/2011/11/KAPLAN/46925},
	abstract = {Accès libre // par Frédéric Kaplan (novembre 2011)},
	titleaddon = {Le Monde diplomatique},
	author = {Kaplan, Frédéric},
	urldate = {2024-08-19},
	date = {2011-11-01},
	langid = {french},
	file = {Snapshot:C\:\\Users\\grive\\Zotero\\storage\\H8WPCCU6\\46925.html:text/html},
}

@article{benghozi_longue_2008,
  keywords = {partie3},
	title = {Longue traîne : levier numérique de la diversité culturelle ?},
	volume = {1},
	issn = {1959-6944},
	url = {https://www.cairn.info/revue-culture-prospective-2008-1-page-1.htm},
	doi = {10.3917/culp.081.0001},
	shorttitle = {Longue traîne},
	abstract = {{RésuméEn} 2004, le rédacteur en chef du magazine Wired, Chris Anderson, lance l’hypothèse que l’internet permet de rassembler virtuellement des publics dispersés pour des produits culturels qui ne sont jamais amortis, du fait de l’étroitesse de leurs marchés. L’agrégation des ventes de ces produits deviendrait alors rentable. Cette hypothèse, baptisée la longue traîne, a séduit et ouvert des perspectives nouvelles aux marchés des biens culturels, nourrissant l’idée que les sites de ventes en ligne constitueraient une chance pour la diversité culturelle. Le présent article fait le point, à partir des résultats de publications académiques et de deux études inédites, sur les premières vérifications de l’hypothèse de la longue traîne. Les auteurs soulignent que, malgré son caractère séduisant, les données ne confortent qu’à la marge l’hypothèse formulée par Chris Anderson.},
	pages = {1--11},
	number = {1},
	journaltitle = {Culture prospective},
	shortjournal = {Culture prospective},
	author = {Benghozi, Pierre-Jean and Benhamou, Françoise},
	urldate = {2024-08-19},
	date = {2008},
	langid = {french},
	note = {Place: Paris
Publisher: Ministère de la Culture - {DEPS}},
	file = {Full Text PDF:C\:\\Users\\grive\\Zotero\\storage\\3KKZRA2I\\Benghozi and Benhamou - 2008 - Longue traîne  levier numérique de la diversité c.pdf:application/pdf},
}
@article{bourreau2015a,
	keywords = {partie3},
	title = {{Une analyse économique du phénomène de la longue traîne dans les industries culturelles}},
	author = {Bourreau, Marc and Maillard, Sisley and Moreau, François},
	year = {2015},
	journal = {Revue française d'économie},
	volume = {XXX},
	number = {2},
	pages = {179--216},
	publisher = {Revue française d’économie},
	address = {Paris},
	issn = {0769-0479},
	doi = {10.3917/rfe.152.0179},
	url = {https://www.cairn.info/revue-francaise-d-economie-2015-2-page-179.htm},
	urldate = {2024-08-22},
	abstract = {Depuis la fin des années 1990, les technologies numériques ont transformé la chaîne de valeur des industries culturelles en introduisant de nouveaux modes de création, de distribution et de promotion des biens. Le concept de la longue traîne (Anderson [2004]) pose que la numérisation de ces industries va aussi modifier la distribution du succès entre les productions culturelles~: le développement d’Internet et du commerce électronique conduirait à un accroissement de la part de marché des produits les moins populaires, les biens de niche, dont l’exploitation générerait à terme des profits au moins comparables à ceux des best-sellers. Cet article propose une analyse économique de la longue traîne. Après avoir présenté les résultats empiriques mitigés de la littérature sur l’importance du phénomène de longue traîne dans les industries culturelles, nous analysons les mécanismes économiques qui peuvent contribuer à son développement. Nous discutons aussi les implications stratégiques de la longue traîne pour les entreprises des industries culturelles.},
	langid = {french},
	file = {/home/maxime/Zotero/storage/JRJRRD2C/Bourreau et al. - 2015 - Une analyse économique du phénomène de la longue t.pdf;/home/maxime/Zotero/storage/WE6KKKKE/revue-francaise-d-economie-2015-2-page-179.html}
}


@online{noauthor_decouvrabilite_nodate,
  keywords = {partie3},
	title = {La découvrabilité des collections numériques patrimoniales sous l’angle des usages de Gallica {\textbar} Bulletin des bibliothèques de France},
	url = {https://bbf.enssib.fr/matieres-a-penser/la-decouvrabilite-des-collections-numeriques-patrimoniales-sous-l-angle-des-usages-de-gallica_71295},
	urldate = {2024-08-19},
	file = {La découvrabilité des collections numériques patrimoniales sous l’angle des usages de Gallica | Bulletin des bibliothèques de France:C\:\\Users\\grive\\Zotero\\storage\\DCSMVLME\\la-decouvrabilite-des-collections-numeriques-patrimoniales-sous-l-angle-des-usages-de-gallica_7.html:text/html},
}

@article{rouvroy_gouvernementalite_2013,
  keywords = {partie3},
	title = {Gouvernementalité algorithmique et perspectives d'émancipation. Le disparate comme condition d'individuation par la relation ?},
	volume = {177},
	issn = {0751-7971},
	url = {https://www.cairn.info/revue-reseaux-2013-1-page-163.htm},
	doi = {10.3917/res.177.0163},
	shorttitle = {Gouvernementalité algorithmique et perspectives d'émancipation},
	abstract = {L'entrée dans une ère d'abondance d'informations n'a jamais rendu aussi importante la question de leur classement. Profitant de l'extension des capacités de numérisation, les données digitales prolifèrent. Capturées, stockées, agrégées, calculées, elles entrent de plus en plus souvent dans des dispositifs de marché, de surveillance, d'évaluation ou de recommandation. la mise en place d'un monde des données est souvent appréciée, avec enthousiasme ou frayeur, comme une nouvelle puissance susceptible, pour les uns, de réinventer les marchés et l'organisation, de rendre la démocratie plus transparente, de faciliter les interactions avec les choses et l'environnement ou d'élaborer des connaissances prédictives, alors que d'autres s'alarment des usages commerciaux des fichiers, des menaces sur la vie privée, de la dictature de l'hyper-visibilité ou de la colonisation du monde vécu par un esprit de calcul et d'évaluation. Ce sont ces questions que ce numéro de Réseaux voudrait interroger en entrant dans le travail de production des nouvelles métriques du web et en portant attention à la manière dont les artefacts issus de ce travail recomposent les situations sociales.},
	pages = {163--196},
	number = {1},
	journaltitle = {Réseaux},
	shortjournal = {Réseaux},
	author = {Rouvroy, Antoinette and Berns, Thomas},
	urldate = {2024-08-19},
	date = {2013},
	langid = {french},
	note = {Place: Paris
Publisher: La Découverte},
	file = {Full Text PDF:C\:\\Users\\grive\\Zotero\\storage\\6A3UYDU3\\Rouvroy and Berns - 2013 - Gouvernementalité algorithmique et perspectives d'.pdf:application/pdf},
}

@online{noauthor_comment_nodate,
  keywords = {partie3},
	title = {Comment une entreprise proche de Trump a siphonné les données de millions d’utilisateurs de Facebook},
	url = {https://www.lemonde.fr/pixels/article/2018/03/18/comment-une-entreprise-proche-de-la-campagne-de-trump-a-siphonne-les-donnees-de-millions-d-utilisateurs-de-facebook_5272744_4408996.html},
	urldate = {2024-08-19},
	file = {Comment une entreprise proche de Trump a siphonné les données de millions d’utilisateurs de Facebook:C\:\\Users\\grive\\Zotero\\storage\\8ITUP3Z7\\comment-une-entreprise-proche-de-la-campagne-de-trump-a-siphonne-les-donnees-de-millions-d-util.html:text/html},
}

@article{noauthor_ce_2018,
  keywords = {partie3},
	title = {Ce qu’il faut savoir sur Cambridge Analytica, la société au cœur du scandale Facebook},
	url = {https://www.lemonde.fr/pixels/article/2018/03/22/ce-qu-il-faut-savoir-sur-cambridge-analytica-la-societe-au-c-ur-du-scandale-facebook_5274804_4408996.html},
	abstract = {Cette entreprise britannique, utilisée par Donald Trump durant sa campagne pour la présidentielle de 2016 aux Etats-Unis, a analysé les données de dizaines de millions d’utilisateurs à leur insu.},
	urldate = {2024-08-19},
	date = {2018-03-22},
	langid = {french},
	file = {Snapshot:C\:\\Users\\grive\\Zotero\\storage\\XPW5D23C\\ce-qu-il-faut-savoir-sur-cambridge-analytica-la-societe-au-c-ur-du-scandale-facebook_5274804_44.html:text/html},
}

@article{farchy_linformation_2023,
  keywords = {partie3},
	title = {De l’information aux industries culturelles, l’hypothèse chahutée de la bulle de filtre},
	volume = {43},
	issn = {1633-5961},
	url = {https://www.cairn.info/revue-questions-de-communication-2023-1-page-241.htm},
	abstract = {Dans le Dossier, les auteur·ices explorent les pratiques, les publics et les dynamiques du soutien social en ligne entre pairs. La rubrique Échanges initie une discussion autour des notions d’acceptabilité sociale et de santé publique. Les trois Notes de recherches de cette livraison étudient les enjeux du genre dans les pratiques professionnelles des communicant·es, la bulle de filtre dans les industries culturelles ainsi que la communication politique en tant qu’objet préconstruit. En {VO} accueille un article en langue anglaise sur les ressources du fact-cheking à l’échelle européenne. Deux Focus proposent une lecture approfondie de Construire l’événement. Les médias et l’accident de Three Mile Island d’Eliseo Véron et de Des machines, des plateformes et des foules. Maîtriser notre âge numérique d’Erik Brynjolfsson et Andrew {McAfee}. Enfin, les Notes de lecture rendent compte de 60 publications.},
	pages = {241--268},
	number = {1},
	journaltitle = {Questions de communication},
	shortjournal = {Questions de communication},
	author = {Farchy, Joëlle and Tallec, Steven},
	urldate = {2024-08-19},
	date = {2023},
	langid = {french},
	note = {Place: Nancy
Publisher: Éditions de l'Université de Lorraine},
	file = {Full Text PDF:C\:\\Users\\grive\\Zotero\\storage\\5KHVKKB9\\Farchy and Tallec - 2023 - De l’information aux industries culturelles, l’hyp.pdf:application/pdf;Snapshot:C\:\\Users\\grive\\Zotero\\storage\\ZPKSQAZI\\revue-questions-de-communication-2023-1-page-241.html:text/html},
}

@online{noauthor_bulles_nodate,
  keywords = {partie3},
	title = {Bulles de filtre et chambres d'écho - Fondation Descartes},
	url = {https://www.fondationdescartes.org/2020/07/bulles-de-filtre-et-chambres-decho/},
	urldate = {2024-08-19},
	file = {Bulles de filtre et chambres d'écho - Fondation Descartes:C\:\\Users\\grive\\Zotero\\storage\\MX2VMWHX\\bulles-de-filtre-et-chambres-decho.html:text/html},
}

@incollection{durand_chapitre_2016-1,
  keywords = {partie3},
	location = {Paris},
	title = {Chapitre 5 - Le nouvel âge de la diversité},
	isbn = {978-2-7246-1980-5},
	url = {https://www.cairn.info/l-attaque-des-clones--9782724619805-p-73.htm},
	series = {Nouveaux Débats},
	abstract = {Des milliards de consommateurs connectés. Des millions d'oeuvres disponibles. Et seulement une dizaine d'entreprises globales pour organiser leur rencontre... Allons-nous vers un foisonnement culturel inédit ou au contraire vers l’uniformisation des goûts via l’hégémonie de quelques acteurs ?
Entre les rêves d’ouverture mondiale et le cauchemar de la manipulation et du clonage des productions, la bataille a déjà commencé. Son enjeu est la diversité culturelle. Son arme, la data, est à double tranchant. Savoir l’utiliser pour encourager la découverte plutôt que la reproduction : telle est, pour Emmanuel Durand, la clé d’un nouvel âge de la culture.},
	pages = {73--88},
	booktitle = {L’attaque des clones},
	publisher = {Presses de Sciences Po},
	author = {Durand, Emmanuel},
	urldate = {2024-08-19},
	date = {2016},
	langid = {french},
	file = {Snapshot:C\:\\Users\\grive\\Zotero\\storage\\TDGM5GY9\\l-attaque-des-clones--9782724619805-page-73.html:text/html},
}

@online{noauthor_algorithmes_nodate,
  keywords = {partie3},
	title = {Algorithmes : comment sortir de sa "bulle culturelle"? {\textbar} France Culture},
	author = {Serrel, Mathilde},
	url = {https://www.radiofrance.fr/franceculture/podcasts/le-billet-culturel/algorithmes-comment-sortir-de-sa-bulle-culturelle-7342064},
	urldate = {2024-08-19},
	file = {Algorithmes \: comment sortir de sa "bulle culturelle"? | France Culture:C\:\\Users\\grive\\Zotero\\storage\\ZWTEE6DH\\algorithmes-comment-sortir-de-sa-bulle-culturelle-7342064.html:text/html},
}

@online{noauthor_how_nodate,
  keywords = {partie3},
	title = {How the Netflix Algorithm Weighs Race {\textbar} Marie Claire},
	url = {https://www.marieclaire.com/culture/a18817/netflix-algorithms-black-movies/},
	urldate = {2024-08-19},
	file = {How the Netflix Algorithm Weighs Race | Marie Claire:C\:\\Users\\grive\\Zotero\\storage\\HF5L7GRM\\netflix-algorithms-black-movies.html:text/html},
}

@online{noauthor_decouvrabilite_2024,
  keywords = {partie3},
	title = {Découvrabilité en ligne des contenus culturels francophones},
	url = {https://www.culture.gouv.fr/catalogue-des-demarches-et-subventions/appels-a-projets-candidatures/decouvrabilite-en-ligne-des-contenus-culturels-francophones},
	abstract = {Présentation du {dispositifQu}'est-ce que la découvrabilité numérique ?La découvrabilité d'un contenu dans l'environnement numérique se réfère à :Sa disponibilité en {ligneSa} capacité à être repéré parmi un vaste ensemble d’autres contenus sans que la recherche ne porte précisément},
	urldate = {2024-08-19},
	date = {2024-05-15},
	langid = {french},
	file = {Snapshot:C\:\\Users\\grive\\Zotero\\storage\\7IYQEBZB\\decouvrabilite-en-ligne-des-contenus-culturels-francophones.html:text/html},
}

@article{noauthor_comprendre_2016,
  keywords = {partie3},
	title = {Comprendre les quotas de chansons francophones à la radio},
	url = {https://www.lemonde.fr/les-decodeurs/article/2016/04/22/comprendre-les-quotas-de-chansons-francophones-a-la-radio_4907025_4355770.html},
	abstract = {Un amendement du projet de loi création durcissant les règles crispe les radios privées face aux maisons de disques et aux artistes.},
	urldate = {2024-08-19},
	date = {2016-04-22},
	langid = {french},
	file = {Snapshot:C\:\\Users\\grive\\Zotero\\storage\\IZEYNQQB\\comprendre-les-quotas-de-chansons-francophones-a-la-radio_4907025_4355770.html:text/html},
}

@online{noauthor_directive_2018,
  keywords = {partie3},
	title = {{DIRECTIVE} ({UE}) 2018/1808 {DU} {PARLEMENT} {EUROPÉEN} {ET} {DU} {CONSEIL}},
	url = {https://eur-lex.europa.eu/legal-content/FR/TXT/HTML/?uri=CELEX:32018L1808},
	pages = {Alinéa 35},
	number = {2018/1808},
	urldate = {2024-08-19},
	date = {2018-11-14},
	file = {L_2018303FR.01006901.xml:C\:\\Users\\grive\\Zotero\\storage\\P53S3D6P\\HTML.html:text/html},
}

@online{noauthor_directive_2019,
  keywords = {partie3},
	title = {Directive ({UE}) 2019/790 du Parlement européen et du Conseil du 17 avril 2019 sur le droit d'auteur et les droits voisins dans le marché unique numérique et modifiant les directives 96/9/{CE} et 2001/29/{CE} (Texte présentant de l'intérêt pour l'{EEE}.)},
	volume = {130},
	url = {http://data.europa.eu/eli/dir/2019/790/oj/fra},
	urldate = {2024-08-19},
	date = {2019-04-17},
	langid = {french},
	file = {EUR-Lex HTML (FR):C\:\\Users\\grive\\Zotero\\storage\\V7U9UHYJ\\HTML.html:text/html;EUR-Lex PDF (FR):C\:\\Users\\grive\\Zotero\\storage\\8KS3T2TM\\2019 - Directive (UE) 2019790 du Parlement européen et d.pdf:application/pdf},
}

@online{bermes_parcours_2013,
  keywords = {partie3},
	title = {Des parcours de sens dans le Centre Pompidou virtuel},
	url = {https://bbf.enssib.fr/consulter/bbf-2013-05-0052-013%20},
	abstract = {En 2012 le Centre Pompidou renouvelait son site web sous la forme d’une plateforme de diffusion de contenus numériques en ligne (www.centrepompidou.fr). Cette plateforme donne accès, à travers un point d’entrée unique, à l’ensemble de la production numérique de l’institution : œuvres d’art numérisées, documents sur l’art et l’histoire de l’art, enregistrements sonores, vidéos, archives, notices bibliographiques, etc. Une approche qui se veut originale et innovante : après un an d’ouverture au public de ce nouveau site, l’auteur dresse ici un premier bilan de cette expérience et présente les fondements de son architecture reposant sur les principes du web sémantique.},
	type = {Text},
	author = {Bermès, Emmanuelle},
	urldate = {2024-08-19},
	date = {2013-01-01},
	langid = {french},
	file = {Snapshot:C\:\\Users\\grive\\Zotero\\storage\\EYB6CLAC\\bbf-2013-05-0052-013 .html:text/html},
}

@online{noauthor_google_nodate,
  keywords = {partie3},
	title = {Google devient client de Wikipédia},
	url = {https://www.lefigaro.fr/flash-eco/google-devient-client-de-wikipedia-20220622},
	date = {2022-06-22},
	urldate = {2024-08-19},
	file = {Google devient client de 
	édia:C\:\\Users\\grive\\Zotero\\storage\\BWJBNGVL\\google-devient-client-de-wikipedia-20220622.html:text/html},
}

@online{ertzscheid_google_2008,
  keywords = {partie3},
	title = {Google Books : le prix de la tranquilité (et du monopole).},
	url = {https://affordance.framasoft.org/2008/10/google-books-le/},
	shorttitle = {Google Books},
	abstract = {(Titre alternatif de ce billet : "Les oeuvres orphelines ont désormais un père : il s'appelle Google")
Nouvel épisode décisif à plus d'un titre dans la saga Google Books. Pour bien comprendre ce qui suit, rappelons d'abord que Google Books est tout sauf une "danseuse", c'est même},
	titleaddon = {affordance.info},
	author = {Ertzscheid, Olivier},
	urldate = {2024-08-19},
	date = {2008-10-28},
	langid = {french},
	note = {Section: Google Print/Books},
	file = {Snapshot:C\:\\Users\\grive\\Zotero\\storage\\GB7I7YGT\\google-books-le.html:text/html},
}

@article{noauthor_aux_2023,
  keywords = {partie3},
	title = {Aux Etats-Unis, Internet Archive poursuivi en justice par des maisons d’édition},
	url = {https://www.lemonde.fr/pixels/article/2023/03/21/aux-etats-unis-internet-archive-poursuivi-en-justice-par-des-maisons-d-edition_6166381_4408996.html},
	abstract = {Le principal projet d’archivage du Web est attaqué pour violation de droits d’auteur par quatre grandes maisons d’édition, dont Hachette.},
	urldate = {2024-08-19},
	date = {2023-03-21},
	langid = {french},
	file = {Snapshot:C\:\\Users\\grive\\Zotero\\storage\\5T88B22E\\aux-etats-unis-internet-archive-poursuivi-en-justice-par-des-maisons-d-edition_6166381_4408996.html:text/html},
}

@online{noauthor_condamnee_nodate,
  keywords = {partie3},
	title = {Condamnée, Internet Archive retire 500 000 livres de sa bibliothèque},
	author= {Oury, Antoine},
	url = {https://actualitte.com/article/117813/droit-justice/condamnee-internet-archive-retire-500-000-livres-de-sa-bibliotheque},
	urldate = {2024-08-19},
	file = {Condamnée, Internet Archive retire 500 000 livres de sa bibliothèque:C\:\\Users\\grive\\Zotero\\storage\\T4385UVF\\condamnee-internet-archive-retire-500-000-livres-de-sa-bibliotheque.html:text/html},
}

@online{noauthor_nouveaux_nodate,
  keywords = {partie3},
	title = {Les nouveaux enjeux de l’{IA}},
	author = {Bloch, Isabelle },
	url = {https://www.polytechnique-insights.com/dossiers/digital/les-nouveaux-enjeux-de-lia/},
	date = {2021},
	abstract = {Découvrez dès maintenant les épisodes de notre dossier Les nouveaux enjeux de l’{IA} sur Polytechnique Insights.},
	titleaddon = {Polytechnique Insights},
	urldate = {2024-08-19},
	langid = {french},
	file = {Snapshot:C\:\\Users\\grive\\Zotero\\storage\\MCUTXLEU\\les-nouveaux-enjeux-de-lia.html:text/html},
}

@article{maxwell_comment_2020,
  keywords = {partie3},
	title = {Comment améliorer l'explicabilité et la responsabilité des algorithmes?},
	journaltitle = {Les cahiers Louis Bachelier},
	author = {Maxwell, Winston},
	date = {2020},
	langid = {french},
	file = {Maxwell - Comment améliorer l'explicabilité et la responsabi.pdf:C\:\\Users\\grive\\Zotero\\storage\\VJ45ELV2\\Maxwell - Comment améliorer l'explicabilité et la responsabi.pdf:application/pdf},
}

@online{noauthor_algorithmes_nodate-1,
  keywords = {partie3},
	title = {Les algorithmes publics : enjeux et obligations {\textbar} guides.etalab.gouv.fr},
	url = {https://guides.etalab.gouv.fr/algorithmes/guide/#_2-les-enjeux-des-algorithmes-publics},
	urldate = {2024-08-19},
	file = {Les algorithmes publics \: enjeux et obligations | guides.etalab.gouv.fr:C\:\\Users\\grive\\Zotero\\storage\\8V9PJERY\\guide.html:text/html},
}

@online{noauthor_valorisation_nodate,
  keywords = {partie3},
	title = {Valorisation d'archives multimédia : Compréhension automatique multimodale du langage pour de nouvelles interfaces intelligentes de médiation et de transmission des savoirs},
	url = {https://anr.fr/Projet-ANR-19-CE38-0011},
	shorttitle = {Valorisation d'archives multimédia},
	abstract = {{ARCHIVAL} : Valorisation d'archives multimédia {\textless}br /{\textgreater}Compréhension automatique multimodale du langage pour de nouvelles interfaces intelligentes de médiation et de transmission des savoirs.},
	titleaddon = {Agence nationale de la recherche},
	urldate = {2024-08-19},
	langid = {french},
	file = {Snapshot:C\:\\Users\\grive\\Zotero\\storage\\FJ6IA72X\\Projet-ANR-19-CE38-0011.html:text/html},
}

@article{besnehard_evaluer_nodate,
  keywords = {partie3},
	title = {Évaluer une interface documentaire augmentée: étude de cas sur le projet {ANR} Archival},
	abstract = {Information retrieval is of paramount importance in today's society, and the issues involved are many and varied. In this context, document interfaces are constantly trying to adapt to the renewed needs of users and to constantly evolving technologies, particularly in the field of artificial intelligence ({AI}). For several years now, so-called "intelligent" documentary interfaces have been emerging, augmented by {AI}. Our aim is to understand the possibilities, current contributions and future prospects, and to propose a method for evaluating this type of platform. To this end, we used the {ANR} Archival project as a case study to test our experimental protocol and initiate our evaluation of the platform.},
	author = {Besnehard, Éléonore},
	langid = {french},
	file = {Besnehard - Évaluer une interface documentaire augmentée étud.pdf:C\:\\Users\\grive\\Zotero\\storage\\ZTLLBX2K\\Besnehard - Évaluer une interface documentaire augmentée étud.pdf:application/pdf},
}

@inproceedings{agnola_ia_2022,
  keywords = {partie3},
	location = {Corfou, Greece},
	title = {{IA} et {SHS} : un dialogue indispensable},
	url = {https://hal.science/hal-04220079},
	shorttitle = {{IA} et {SHS}},
	abstract = {The acceleration of technological developments and the challenges of the digital "transition" involve more than ever the field of humanities and social sciences, within transdisciplinary dynamics, for the development of new societal models of public interest. In the field of documentary research, language comprehension technologies open up new perspectives for the enhancement of multimodal archives, cultural and scientific mediation, particularly with regard to the analysis and linking of documentary collections. However, the usability of the systems developed presupposes that human expertise is integrated into the design models and that they are placed at the service of human intelligence. How can we develop new document search interfaces with artificial intelligence technologies at the service of human experience and intelligence? Within the framework of this transdisciplinary approach, combining cultures and practices in {SHS} and computer science, one of the main challenges of the Archival project was to develop a methodology to address this issue. We have experimented and evaluated the relevance of different algorithms and methods of language analysis.},
	booktitle = {{EUTIC} 2022 “ A l'intersection de l'art, de la science et de la technologie : dialogues entre les hommes et les machines ”},
	publisher = {Académie Ionienne de Corfu, Grèce},
	author = {Agnola, Michel and Azémard, Ghislaine and da Silva, Samuel},
	urldate = {2024-08-19},
	date = {2022-10},
	keywords = {dialogue homme machine, {IA}, Intelligence artificielle, interfaces multimodales, recherche sémantique augmentée, valorisation d'archives},
	file = {HAL PDF Full Text:C\:\\Users\\grive\\Zotero\\storage\\FS2V9YN7\\Agnola et al. - 2022 - IA et SHS  un dialogue indispensable.pdf:application/pdf},
}

@online{noauthor_accessibilite_nodate,
  keywords = {partie3},
	title = {Accessibilité numérique {\textbar} Mon Parcours Handicap},
	url = {https://www.monparcourshandicap.gouv.fr/accessibilite-numerique},
	abstract = {La mise en application de l'article 47 de la loi du 11 février 2005 sur l'égalité des chances stipule que tous les services en ligne de l'État doivent être accessibles à tous.},
	urldate = {2024-08-19},
	langid = {french},
	file = {Snapshot:C\:\\Users\\grive\\Zotero\\storage\\MPEBZGFM\\accessibilite-numerique.html:text/html},
}

@online{noauthor_notion_nodate,
  keywords = {partie3},
	title = {Notion d’accessibilité numérique - {RGAA}},
	url = {https://accessibilite.numerique.gouv.fr/obligations/notions-accessibilite-numerique/},
	urldate = {2024-08-19},
	file = {Notion d’accessibilité numérique - RGAA:C\:\\Users\\grive\\Zotero\\storage\\9P9AW6WR\\notions-accessibilite-numerique.html:text/html},
}

@misc{noauthor_personnes_2022,
  keywords = {partie3},
	title = {Les personnes handicapées en France},
	url = {https://drees.solidarites-sante.gouv.fr/sites/default/files/2022-12/AAS22-Fiche%2019%20-%20Les%20personnes%20handicap%C3%A9es%20en%20France.pdf},
	publisher = {{DRES}},
	urldate = {2024-08-19},
	date = {2022},
	file = {AAS22-Fiche 19 - Les personnes handicapées en France.pdf:C\:\\Users\\grive\\Zotero\\storage\\A2ADXMUX\\AAS22-Fiche 19 - Les personnes handicapées en France.pdf:application/pdf},
}

@online{adminat_et_2023,
  keywords = {partie3},
	title = {Et si l'accessibilité numérique et le {SEO} étaient lié ?},
	url = {https://productforgood.fr/et-si-laccessibilite-numerique-et-le-seo-etait-lie},
	titleaddon = {Product for Good},
	author = {adminat},
	urldate = {2024-08-19},
	date = {2023-09-01},
	langid = {french},
	file = {Snapshot:C\:\\Users\\grive\\Zotero\\storage\\UA2RR63K\\et-si-laccessibilite-numerique-et-le-seo-etait-lie.html:text/html},
}

@online{nitot_loi_2024,
  keywords = {partie3},
	title = {La loi de Moore est morte et c'est une bonne nouvelle - {OCTO} Talks !},
	url = {https://blog.octo.com/la-loi-de-moore-est-morte-et-c'est-une-bonne-nouvelle},
	abstract = {Cela fait plus de 50 ans que le numérique se développe de façon incroyablement dynamique et a changé le monde, grâce à la croissance exponentielle de la puissance de calcul des microprocesseurs. C'est Gordon Moore, co-fondateur d'Intel, qui avait synthétisé cela en une phrase appelée loi de Moore : "le nombre de transistors dans un semiconducteur double tous les 2 ans". Il l'a énoncé en 1965, cela a vraiment commencé en 1971, avec la sortie du premier microprocesseur commercial, l'Intel 4004. Au risque de surprendre, il faut regarder les choses en face : la loi de Moore est morte.},
	titleaddon = {{OCTO} Talks !},
	author = {Nitot, Tristan},
	urldate = {2024-08-19},
	date = {2024-06-27},
	file = {La loi de Moore est morte et c'est une bonne nouvelle - OCTO Talks !:C\:\\Users\\grive\\Zotero\\storage\\PQG6C23K\\la-loi-de-moore-est-morte-et-c'est-une-bonne-nouvelle.html:text/html},
}

@online{noauthor_grosse_2024,
  keywords = {partie3},
	title = {La Grosse Conf 2024 - Peut-on faire de l’{IA} sans la loi de Moore ?},
	url = {https://blog.octo.com/octo-article-de-blog-4},
	abstract = {{IA} Moore {erooM} Grosse Conf Optimiser le code logiciel Nitot},
	titleaddon = {{OCTO} Talks !},
	urldate = {2024-08-19},
	date = {2024-05-23},
	langid = {french},
	note = {Section: Évènements},
	file = {Snapshot:C\:\\Users\\grive\\Zotero\\storage\\39UFI8KT\\octo-article-de-blog-4.html:text/html},
}

@book{guillard_chapitre_2021,
  keywords = {partie3},
	location = {Paris},
	title = {Chapitre 3. De la sobriété à la sobriété énergétique, numérique, matérielle {\textbar} Cairn.info},
	url = {https://www-cairn-info.proxy.chartes.psl.eu/comment-consommer-avec-sobriete--9782807331891-page-55.htm},
	series = {Comment consomer avec sobriété ?},
	publisher = {De Boeck Supérieur},
	author = {Guillard, Valérie},
	urldate = {2024-08-19},
	date = {2021},
	file = {Chapitre 3. De la sobriété à la sobriété énergétique, numérique, matérielle | Cairn.info:C\:\\Users\\grive\\Zotero\\storage\\97DM2KRN\\comment-consommer-avec-sobriete--9782807331891-page-55.html:text/html},
}

@online{noauthor_quelle_nodate,
  keywords = {partie3},
	title = {Quelle est la part du numérique dans les émissions mondiales de gaz à effet de serre en 2024 ?},
	url = {https://ekwateur.fr/blog/enjeux-environnementaux/emissions-co2-numerique/},
	urldate = {2024-08-19},
	file = {Quelle est la part du numérique dans les émissions mondiales de gaz à effet de serre en 2024 ?:C\:\\Users\\grive\\Zotero\\storage\\YP3PUNZ9\\emissions-co2-numerique.html:text/html},
}

@online{noauthor_pourquoi_2023,
  keywords = {partie3},
	title = {Pourquoi {ChatGPT} est une bombe environnementale},
	url = {https://www.nouvelobs.com/economie/20230918.OBS78305/pourquoi-chatgpt-est-une-bombe-environnementale.html},
	abstract = {L’impact climatique des nouvelles intelligences artificielles ({IA}) n’est que rarement évoqué, pourtant la valeur d’une bouteille d’eau de 500 ml est utilisée lors de chaque conversation avec le robot. Et ce n’est pas tout… « L’Obs » a enquêté.},
	titleaddon = {Le Nouvel Obs},
	urldate = {2024-08-19},
	date = {2023-09-18},
	langid = {french},
	note = {Section: Economie},
	file = {Snapshot:C\:\\Users\\grive\\Zotero\\storage\\7PRG4752\\pourquoi-chatgpt-est-une-bombe-environnementale.html:text/html},
}

@online{noauthor_2_nodate,
  keywords = {partie3},
	title = {2 tonnes : l'objectif d'empreinte carbone par personne est-il juste ?},
	url = {https://bonpote.com/objectif-2-tonnes-vrai-defi-ou-mauvaise-cible/},
	titleaddon = {{BonPote}},
	urldate = {2024-08-19},
	file = {2 tonnes \: l'objectif d'empreinte carbone par personne est-il juste ?:C\:\\Users\\grive\\Zotero\\storage\\IS7WC3FV\\objectif-2-tonnes-vrai-defi-ou-mauvaise-cible.html:text/html},
}

@online{noauthor__nodate,
  keywords = {partie3},
	title = {+ 48\% : l'intelligence artificielle pèse lourd dans le bilan carbone de Google {\textbar} Archimag},
	url = {https://www.archimag.com/numerique-responsable/2024/07/03/48-intelligence-artificielle-pese-lourd-bilan-carbone-google-0},
	urldate = {2024-08-19},
	date = {2024-07-03},
	author= {Texier, Bruno},
	file = {+ 48% \: l'intelligence artificielle pèse lourd dans le bilan carbone de Google | Archimag:C\:\\Users\\grive\\Zotero\\storage\\G2DG9MVJ\\48-intelligence-artificielle-pese-lourd-bilan-carbone-google-0.html:text/html},
}



@misc{zotero-656,
	keywords = {partie3},
	title = {The search engine manipulation effect ({{SEME}}) and its possible impact on the outcomes of elections | {{PNAS}}},
	url = {https://www.pnas.org/doi/10.1073/pnas.1419828112},
	urldate = {2024-08-22},
	file = {/home/maxime/Zotero/storage/VRRT2BNV/pnas.html}
}

@article{bakshy2015,
	keywords = {partie3},
	title = {Exposure to ideologically diverse news and opinion on {{Facebook}}},
	author = {Bakshy, Eytan and Messing, Solomon and Adamic, Lada A.},
	year = {2015},
	month = jun,
	journal = {Science},
	volume = {348},
	number = {6239},
	pages = {1130--1132},
	issn = {0036-8075, 1095-9203},
	doi = {10.1126/science.aaa1160},
	url = {https://www.science.org/doi/10.1126/science.aaa1160},
	urldate = {2024-08-22},
	abstract = {Not getting all sides of the news?                            People are increasingly turning away from mass media to social media as a way of learning news and civic information. Bakshy               et al.               examined the news that millions of Facebook users' peers shared, what information these users were presented with, and what they ultimately consumed (see the Perspective by Lazer). Friends shared substantially less cross-cutting news from sources aligned with an opposing ideology. People encountered roughly 15\% less cross-cutting content in news feeds due to algorithmic ranking and clicked through to 70\% less of this cross-cutting content. Within the domain of political news encountered in social media, selective exposure appears to drive attention.                                         Science               , this issue p.               1130               ; see also p.               1090                        ,                             Despite the diversity of information available, people still pay attention to a limited range of opinions.                                [Also see Perspective by                 Lazer                 ]                                       ,              Exposure to news, opinion, and civic information increasingly occurs through social media. How do these online networks influence exposure to perspectives that cut across ideological lines? Using deidentified data, we examined how 10.1 million U.S. Facebook users interact with socially shared news. We directly measured ideological homophily in friend networks and examined the extent to which heterogeneous friends could potentially expose individuals to cross-cutting content. We then quantified the extent to which individuals encounter comparatively more or less diverse content while interacting via Facebook’s algorithmically ranked News Feed and further studied users’ choices to click through to ideologically discordant content. Compared with algorithmic ranking, individuals’ choices played a stronger role in limiting exposure to cross-cutting content.},
	langid = {english},
	file = {/home/maxime/Zotero/storage/SKSCFQ2T/Bakshy et al. - 2015 - Exposure to ideologically diverse news and opinion.pdf}
}


@article{tufekci2018,
	keywords = {partie3},
	title = {Opinion | {{YouTube}}, the {{Great Radicalizer}}},
	author = {Tufekci, Zeynep},
	year = {2018},
	month = mar,
	journal = {The New York Times},
	issn = {0362-4331},
	url = {https://www.nytimes.com/2018/03/10/opinion/sunday/youtube-politics-radical.html},
	urldate = {2024-08-22},
	abstract = {The videos it recommends seem to get more and more extreme.},
	chapter = {Opinion},
	langid = {american},
	file = {/home/maxime/Zotero/storage/4PLSY3BS/youtube-politics-radical.html}
}


@article{garrett2009,
	keywords = {partie3},
	title = {Politically motivated reinforcement seeking: {{Reframing}} the selective exposure debate},
	shorttitle = {Politically motivated reinforcement seeking},
	author = {Garrett, R. Kelly},
	year = {2009},
	journal = {Journal of Communication},
	volume = {59},
	number = {4},
	pages = {676--699},
	publisher = {Wiley-Blackwell Publishing Ltd.},
	address = {United Kingdom},
	issn = {1460-2466},
	doi = {10.1111/j.1460-2466.2009.01452.x},
	abstract = {This article seeks to reframe the selective exposure debate by demonstrating that people exhibit a preference for opinion-reinforcing political information without systematically avoiding opinion challenges. The results are based on data collected in a national random-digit-dial telephone survey (n = 1,510) conducted prior to the 2004 U.S. presidential election. Analyses show that Americans use the control afforded by online information sources to increase their exposure to opinions consistent with their own views without sacrificing contact with other opinions. This observation contradicts the common assumption that reinforcement seeking and challenge avoidance are intrinsically linked aspects of the selective exposure phenomenon. This distinction is important because the consequences of challenge avoidance are significantly more harmful to democratic deliberation than those of reinforcement seeking. (PsycINFO Database Record (c) 2018 APA, all rights reserved)},
	file = {/home/maxime/Zotero/storage/DM7Z7EZW/2009-24038-004.html}
}

@incollection{grossetti2019,
	keywords = {partie3},
	title = {Community-{{Based Recommendations}} on {{Twitter}}: {{Avoiding}} the {{Filter Bubble}}},
	shorttitle = {Community-{{Based Recommendations}} on {{Twitter}}},
	author = {Grossetti, Quentin and {du Mouza}, Cédric and Travers, Nicolas},
	year = {2019},
	month = oct,
	pages = {212--227},
	doi = {10.1007/978-3-030-34223-4_14},
	abstract = {Due to their success, social network platforms are considered today as a major communication mean. In order to increase user engagement, they rely on recommender systems to personalize individual experience by filtering messages according to user interest and/or neighborhood. However some recent results exhibit that this personalization of content might increase the echo chamber effect and create filter bubbles. These filter bubbles restrain the diversity of opinions regarding the recommended content. In this paper, we first realize a thorough study of communities on a large Twitter dataset to quantify how recommender systems affect users’ behavior and create filter bubbles. Then we propose the Community Aware Model (CAM) to counter the impact of different recommender systems on information consumption. Our results show that filter bubbles concern up to 10\% of users and our model based on similarities between communities enhance recommender systems.},
	isbn = {978-3-030-34222-7},
	file = {/home/maxime/Zotero/storage/GSBS3TAD/Grossetti et al. - 2019 - Community-Based Recommendations on Twitter Avoidi.pdf}
}

@misc{rodriguez2017,
	keywords = {partie3},
	title = {Netflix divides its 93 million users around the world into 1,300 “taste communities”},
	author = {Rodriguez, Ashley},
	year = {2017},
	month = mar,
	journal = {Quartz},
	url = {https://qz.com/939195/netflix-nflx-divides-its-93-million-users-around-the-world-not-by-geography-but-into-1300-taste-communities},
	urldate = {2024-08-22},
	abstract = {Netflix stopped segmenting its audience by geography, because viewers' tastes run much deeper than where a person lives in the world.},
	langid = {english},
	file = {/home/maxime/Zotero/storage/DNM72SR5/netflix-nflx-divides-its-93-million-users-around-the-world-not-by-geography-but-into-1300-taste.html}
}

@misc{news2016,
	keywords = {partie3},
	title = {Netflix {{Is Segregating Your Movies}} by {{Race}}},
	author = {published in News, April Joyner},
	year = {2016},
	month = feb,
	journal = {Marie Claire Magazine},
	url = {https://www.marieclaire.com/culture/a18817/netflix-algorithms-black-movies/},
	urldate = {2024-08-22},
	abstract = {That algorithm does more than you think.},
	langid = {english},
	file = {/home/maxime/Zotero/storage/J23UJEJZ/netflix-algorithms-black-movies.html}
}


@article{epstein2015,
	keywords = {partie3},
	title = {The search engine manipulation effect ({{SEME}}) and its possible impact on the outcomes of elections},
	author = {Epstein, Robert and Robertson, Ronald E.},
	year = {2015},
	month = aug,
	journal = {Proceedings of the National Academy of Sciences},
	volume = {112},
	number = {33},
	issn = {0027-8424, 1091-6490},
	doi = {10.1073/pnas.1419828112},
	url = {https://pnas.org/doi/full/10.1073/pnas.1419828112},
	urldate = {2024-08-22},
	abstract = {Significance                            We present evidence from five experiments in two countries suggesting the power and robustness of the search engine manipulation effect (SEME). Specifically, we show that (               i               ) biased search rankings can shift the voting preferences of undecided voters by 20\% or more, (               ii               ) the shift can be much higher in some demographic groups, and (               iii               ) such rankings can be masked so that people show no awareness of the manipulation. Knowing the proportion of undecided voters in a population who have Internet access, along with the proportion of those voters who can be influenced using SEME, allows one to calculate the win margin below which SEME might be able to determine an election outcome.                        ,                             Internet search rankings have a significant impact on consumer choices, mainly because users trust and choose higher-ranked results more than lower-ranked results. Given the apparent power of search rankings, we asked whether they could be manipulated to alter the preferences of undecided voters in democratic elections. Here we report the results of five relevant double-blind, randomized controlled experiments, using a total of 4,556 undecided voters representing diverse demographic characteristics of the voting populations of the United States and India. The fifth experiment is especially notable in that it was conducted with eligible voters throughout India in the midst of India’s 2014 Lok Sabha elections just before the final votes were cast. The results of these experiments demonstrate that (               i               ) biased search rankings can shift the voting preferences of undecided voters by 20\% or more, (               ii               ) the shift can be much higher in some demographic groups, and (               iii               ) search ranking bias can be masked so that people show no awareness of the manipulation. We call this type of influence, which might be applicable to a variety of attitudes and beliefs, the search engine manipulation effect. Given that many elections are won by small margins, our results suggest that a search engine company has the power to influence the results of a substantial number of elections with impunity. The impact of such manipulations would be especially large in countries dominated by a single search engine company.},
	langid = {english},
	file = {/home/maxime/Zotero/storage/LSTPEX5I/Epstein and Robertson - 2015 - The search engine manipulation effect (SEME) and i.pdf}
}

@misc{beaudouin2020,
	keywords = {partie3},
	title = {Flexible and {{Context-Specific AI Explainability}}: {{A Multidisciplinary Approach}}},
	shorttitle = {Flexible and {{Context-Specific AI Explainability}}},
	author = {Beaudouin, Valérie and Bloch, Isabelle and Bounie, David and Clémençon, Stéphan and {d'Alché-Buc}, Florence and Eagan, James and Maxwell, Winston and Mozharovskyi, Pavlo and Parekh, Jayneel},
	year = {2020},
	month = mar,
	number = {arXiv:2003.07703},
	eprint = {2003.07703},
	primaryclass = {cs},
	publisher = {arXiv},
	doi = {10.48550/arXiv.2003.07703},
	url = {http://arxiv.org/abs/2003.07703},
	urldate = {2024-08-22},
	abstract = {The recent enthusiasm for artificial intelligence (AI) is due principally to advances in deep learning. Deep learning methods are remarkably accurate, but also opaque, which limits their potential use in safety-critical applications. To achieve trust and accountability, designers and operators of machine learning algorithms must be able to explain the inner workings, the results and the causes of failures of algorithms to users, regulators, and citizens. The originality of this paper is to combine technical, legal and economic aspects of explainability to develop a framework for defining the "right" level of explain-ability in a given context. We propose three logical steps: First, define the main contextual factors, such as who the audience of the explanation is, the operational context, the level of harm that the system could cause, and the legal/regulatory framework. This step will help characterize the operational and legal needs for explanation, and the corresponding social benefits. Second, examine the technical tools available, including post hoc approaches (input perturbation, saliency maps...) and hybrid AI approaches. Third, as function of the first two steps, choose the right levels of global and local explanation outputs, taking into the account the costs involved. We identify seven kinds of costs and emphasize that explanations are socially useful only when total social benefits exceed costs.},
	archiveprefix = {arXiv},
	keywords = {Computer Science - Computers and Society},
	file = {/home/maxime/Zotero/storage/7LFKJGUF/Beaudouin et al. - 2020 - Flexible and Context-Specific AI Explainability A.pdf}
}

@misc{ertzscheid2023,
	keywords = {partie3},
	title = {{Du Web sémantique au Web synthétique}},
	author = {Ertzscheid, Olivier},
	year = {2023},
	month = oct,
	journal = {affordance.info},
	url = {https://affordance.framasoft.org/2023/10/du-web-semantique-au-web-synthetique/},
	urldate = {2024-08-23},
	abstract = {Pour archivage et partage, je republie ici une version (légèrement plus longue et agrémentée de liens) de la tribune parue dans le journal Le Monde du Samedi 7 Octobre 2023 sous le titre "Intelligence artificielle : nous sommes passés du rêve d'un web sémantique à la réalité d'un web synthétique."},
	chapter = {Big Data},
	langid = {french},
	file = {/home/maxime/Zotero/storage/NQ2IJNW6/du-web-semantique-au-web-synthetique.html}
}

@misc{canadien2019,
	keywords = {partie3},
	title = {{Rapport — Rencontre internationale sur la diversité des contenus à l’ère numérique}},
	author = {{canadien}, Patrimoine},
	year = {2019},
	month = may,
	url = {https://www.canada.ca/fr/patrimoine-canadien/services/diversite-contenus-ere-numerique/strategie-mobilisation-internationale/rapport.html},
	urldate = {2024-08-25},
	abstract = {Le rapport sert à résumer les discussions et les échanges qui ont eu lieu entre les participants de la rencontre internationale sur la diversité des contenus à l’ère numérique.},
	langid = {fra},
	annotation = {Last Modified: 2019-05-29},
	file = {/home/maxime/Zotero/storage/JCHJNCVR/rapport.html}
}


@misc{zotero-686,
	keywords = {partie3},
	title = {{Plan de numérisation : les collections en ligne}},
	shorttitle = {{Plan de numérisation}},
	url = {https://www.culture.gouv.fr/Thematiques/Musees/Pour-les-professionnels/Conserver-et-gerer-les-collections/Numeriser-les-collections/Plan-de-numerisation-les-collections-en-ligne},
	urldate = {2024-08-25},
	abstract = {Retrouvez dans cette page les fonds des musées, numérisés et mis en ligne depuis 2010, dans le cadre du plan national de numérisation puis du plan de numérisation et de valorisation du ministère de la Culture.},
	langid = {french},
	file = {/home/maxime/Zotero/storage/D5CU3M5W/Plan-de-numerisation-les-collections-en-ligne.html}
}

@misc{zotero-688,
	keywords = {partie3},
	title = {{Le CCFr et le signalement du patrimoine}},
	journal = {BnF - Site institutionnel},
	url = {https://www.bnf.fr/fr/le-ccfr-et-le-signalement-du-patrimoine},
	urldate = {2024-08-25},
	abstract = {BnF - Site institutionnel},
	langid = {french},
	file = {/home/maxime/Zotero/storage/FWXRGHSA/le-ccfr-et-le-signalement-du-patrimoine.html}
}

