@article{2024,
  title = {{Portail web}},
  year = {2024},
  month = jul,
  journal = {Wikipédia},
  url = {https://fr.wikipedia.org/w/index.php?title=Portail_web&oldid=217196741},
  urldate = {2024-08-19},
  abstract = {Un portail web est un site web qui offre une porte d'entrée commune à un large éventail de ressources et de services accessibles sur Internet et centrés sur un domaine d'intérêt ou une communauté particulière. Les ressources et services dont l'accès est ainsi rassemblé peuvent être des sites ou des pages web, des forums de discussion, des adresses de courrier électronique, espaces de publication, moteur de recherche, etc. Les utilisateurs ont la plupart du temps la possibilité de s'enregistrer à un portail pour s'y connecter ultérieurement et utiliser l'ensemble des services proposés, dont la personnalisation de leur espace de travail, lequel est organisé à l'aide d'éléments d'IHM de base : les portlets. Un site portail institutionnel est un portail web servant de voie d'accès vers les différents sites d'un organisme (entreprise commerciale, institution publique). Le site portail permet de rediriger l'internaute vers le site de l'organisme qui correspond le mieux à ses attentes en fonction de son profil.},
  copyright = {Creative Commons Attribution-ShareAlike License},
  langid = {french},
  annotation = {Page Version ID: 217196741},
  file = {/home/maxime/Zotero/storage/VDKB65HQ/Portail_web.html}
}

@article{2024a,
  title = {{Algorithme}},
  year = {2024},
  month = aug,
  journal = {Wikipédia},
  url = {https://fr.wikipedia.org/w/index.php?title=Algorithme&oldid=217643543},
  urldate = {2024-08-19},
  abstract = {Un algorithme est une suite finie et non ambiguë d'instructions et d’opérations permettant de résoudre une classe de problèmes. Le domaine qui étudie les algorithmes est appelé l'algorithmique. On retrouve aujourd'hui des algorithmes dans de nombreuses applications informatiques, dont dans les systèmes permettant le fonctionnement des ordinateurs, la cryptographie, le routage d'informations, la planification et l'utilisation optimale des ressources, le traitement d'images, le traitement de textes, la bio-informatique, l'intelligence artificielle, , etc. L'algorithme peut être mis en forme de façon graphique dans un algorigramme ou organigramme de programmation.},
  copyright = {Creative Commons Attribution-ShareAlike License},
  langid = {french},
  annotation = {Page Version ID: 217643543},
  file = {/home/maxime/Zotero/storage/43LKWAZB/Algorithme.html}
}

@article{2024b,
  title = {{Émission de télévision}},
  year = {2024},
  month = feb,
  journal = {Wikipédia},
  url = {https://fr.wikipedia.org/w/index.php?title=%C3%89mission_de_t%C3%A9l%C3%A9vision&oldid=212866902},
  urldate = {2024-08-19},
  abstract = {Une émission de télévision, ou un programme télévisé est une production audiovisuelle d'une certaine durée diffusée sur une chaîne de télévision. L'emploi du mot programme comme synonyme d'émission est impropre (calque de l'anglais), un programme étant une grille regroupant plusieurs émissions. La précision concernant les Techniques de télévision fait l'objet d'un article séparé. Les émissions de télévision incluent les journaux télévisés (couramment appelés JT ou nouvelles), les documentaires, les divertissements et les variétés en diffusant des spectacles de chansons ou d'extrait de spectacle par exemple, les jeux ou débats télévisés qu'ils soient politiques, économiques, scientifiques ou culturels (avec des journalistes, des intervenants qui seront interviewés et à qui on demande parfois de réagir sur des reportages) ou encore les émissions de téléréalité. Une émission débute le plus souvent par un générique qui contient un indicatif musical. En France en 1977, pour répondre à la crise énergétique, les émissions de télévision sont arrêtées à 23 heures.},
  copyright = {Creative Commons Attribution-ShareAlike License},
  langid = {french},
  annotation = {Page Version ID: 212866902},
  file = {/home/maxime/Zotero/storage/VGF45UTZ/Émission_de_télévision.html}
}

@article{2024c,
  title = {{Syndrome du vinaigre}},
  year = {2024},
  month = jan,
  journal = {Wikipédia},
  url = {https://fr.wikipedia.org/w/index.php?title=Syndrome_du_vinaigre&oldid=211697375},
  urldate = {2024-08-19},
  abstract = {Le syndrome du vinaigre est le phénomène de dépolymérisation spontanée qui se produit dans les films pour la photographie ou le cinéma, par dégradation de l'acétate en acide acétique, causant ainsi la détérioration du support des œuvres.},
  copyright = {Creative Commons Attribution-ShareAlike License},
  langid = {french},
  annotation = {Page Version ID: 211697375},
  file = {/home/maxime/Zotero/storage/5MVY4IAJ/Syndrome_du_vinaigre.html}
}

@article{2024e,
  title = {{Transistor}},
  year = {2024},
  month = jul,
  journal = {Wikipédia},
  url = {https://fr.wikipedia.org/w/index.php?title=Transistor&oldid=217237046},
  urldate = {2024-08-19},
  abstract = {Le transistor est un composant électronique à semi-conducteur permettant de contrôler ou d'amplifier des tensions et des courants électriques. C'est le composant actif le plus important des circuits électroniques aussi bien en basse qu'en haute tension : circuits logiques (il permet, assemblé avec d'autres, d'effectuer des opérations logiques pour des programmes informatiques), amplificateur, stabilisateur de tension, modulation de signal, etc. Les transistors revêtent une importance particulière — le plus souvent en tant qu'interrupteurs marche/arrêt — dans les circuits intégrés, ce qui rend possible la microélectronique. Ce dispositif comporte trois électrodes actives permettant de contrôler un courant ou une tension sur l'électrode de sortie (le collecteur pour le transistor bipolaire et le drain sur un transistor à effet de champ) grâce à une électrode d'entrée (la base sur un transistor bipolaire et la grille pour un transistor à effet de champ). Le transistor est isolant sans tension sur la borne base, et conducteur avec une tension sur la borne base.},
  copyright = {Creative Commons Attribution-ShareAlike License},
  langid = {french},
  annotation = {Page Version ID: 217237046},
  file = {/home/maxime/Zotero/storage/XMCC7IGN/Transistor.html}
}

@article{2024g,
  title = {{Ludification}},
  year = {2024},
  month = jul,
  journal = {Wikipédia},
  url = {https://fr.wikipedia.org/w/index.php?title=Ludification&oldid=217012791},
  urldate = {2024-08-19},
  abstract = {La ludification,, couramment désignée par l'anglicisme gamification, est l'utilisation des mécanismes du jeu dans d’autres domaines, en particulier des sites web, des situations d'apprentissage, des situations de travail ou des réseaux sociaux. Son but est d’augmenter l’acceptabilité et l’usage de ces applications en s’appuyant sur la prédisposition humaine au jeu et le système de récompense. Il s’agit d’une manière nouvelle de gérer une équipe, de saisir les problématiques, d’éveiller une motivation chez autrui et d’installer une ambiance de travail. Une forme novatrice de management, qui s’inscrit dans de nombreux domaines de la société, si bien que comprendre le concept de ludification est une façon d’analyser les fonctionnements des milieux de l’entreprise, de l’éducation, du sport, des relations sociales, ou encore de la santé.  Plus clairement, la ludification doit permettre de motiver une équipe à atteindre ses objectifs. Ainsi, il ne s’agit pas d’une fin en soi mais des procédés à utiliser pour parvenir à cette situation, ce but. Plusieurs méthodes sont donc proposées au sein de la ludification et adaptées en fonction du contexte, de la demande et des besoins. Ces méthodes offriront chacune un résultat différent mais permettront à l’équipe de changer son regard sur l’objectif à atteindre et sur la façon d’y arriver.  Cette technique de conception permet d’obtenir des personnes des comportements actifs et impliqués sur des tâches que l’on ne voudrait pas faire car on pourrait les considérer comme sans intérêt ou rébarbatives : remplir un questionnaire, acheter un produit, regarder des publicités ou assimiler des informations. Bien que le terme soit effectivement récent dans la recherche, il est nécessaire de rappeler que des processus de ludification ont existé avant l'introduction massive du jeu vidéo dans le quotidien des individus. Ainsi, comme exemple de ludification, nous pouvons citer les systèmes de « bons points » utilisés dans les classes de petites sections et de maternelles. Ces récompenses s'obtenaient par la participation des élèves aux exercices mis en place par l'enseignant et s'échangeaient, à la façon d'une monnaie, contre des images ou autres lots. On peut aussi évoquer les bons de réduction, qui s'apparentent pour partie à ce processus du jeu, dans une activité de consommateur.},
  copyright = {Creative Commons Attribution-ShareAlike License},
  langid = {french},
  annotation = {Page Version ID: 217012791},
  file = {/home/maxime/Zotero/storage/69SWBRT7/Ludification.html}
}

@article{2024h,
  title = {{Utilisation d'Internet}},
  year = {2024},
  month = apr,
  journal = {Wikipédia},
  url = {https://fr.wikipedia.org/w/index.php?title=Utilisation_d%27Internet&oldid=214019107},
  urldate = {2024-08-19},
  abstract = {Cet article présente l'utilisation du réseau mondial Internet dans le monde.},
  copyright = {Creative Commons Attribution-ShareAlike License},
  langid = {french},
  annotation = {Page Version ID: 214019107},
  file = {/home/maxime/Zotero/storage/HQR9VCM6/Utilisation_d'Internet.html}
}

@article{2024i,
  title = {{ARPANET}},
  year = {2024},
  month = jul,
  journal = {Wikipédia},
  url = {https://fr.wikipedia.org/w/index.php?title=ARPANET&oldid=217010020},
  urldate = {2024-08-19},
  abstract = {ARPANET, ou Arpanet (de l'anglais Advanced Research Projects Agency Network, aussi typographié « ARPAnet ») est l'acronyme du premier réseau à transfert de paquets de données conçu aux États-Unis par la Defense Advanced Research Projects Agency (DARPA). Le projet fut lancé en 1966, mais ARPANET ne voit le jour qu'en 1969. Sa première démonstration officielle date d'octobre 1972. Le concept de commutation de paquets (packet switching), qui deviendra la base du transfert de données sur Internet, était alors balbutiant dans la communication des réseaux informatiques. Les communications étaient jusqu'alors basées sur la communication par circuits électroniques, telle que celle utilisée par le réseau de téléphone, où un circuit propre est activé lors de la communication avec un poste du réseau. Les ordinateurs utilisés étaient principalement des ordinateurs commerciaux de 3e génération construits par Digital Equipment Corporation (DEC), International Business Machines (IBM) ou Scientific Data Systems. Peut-être comprenaient-ils encore des Univac à tubes électroniques, technologie certes désuète en 1969 (où on abandonnait déjà les ordinateurs de deuxième génération transistorisés pour d'autres à circuits intégrés comme l'IBM 1130), mais c'est précisément pour cela que ces ordinateurs étaient libres pour un usage expérimental, les autres étant saturés de travaux. ARPANET a été écrit par le monde universitaire et non militaire, ce qui a probablement influencé l'Internet que l'on connait aujourd'hui. Il disparait officiellement en 1990.},
  copyright = {Creative Commons Attribution-ShareAlike License},
  langid = {french},
  annotation = {Page Version ID: 217010020},
  file = {/home/maxime/Zotero/storage/TBNXMXND/ARPANET.html}
}

@misc{coeffe2018,
  title = {{Chiffres réseaux sociaux – 2024}},
  author = {Coëffé, Thomas},
  year = {2018},
  month = jul,
  journal = {BDM},
  url = {https://www.blogdumoderateur.com/chiffres-reseaux-sociaux/},
  urldate = {2024-08-19},
  abstract = {Retrouvez les derniers chiffres des réseaux sociaux, mis à jour régulièrement.},
  chapter = {Social},
  langid = {french},
  file = {/home/maxime/Zotero/storage/Q72RBGIK/chiffres-reseaux-sociaux.html}
}

@misc{zotero-196,
  title = {Portail web — {{Wikipédia}}},
  url = {https://fr.wikipedia.org/wiki/Portail_web},
  urldate = {2024-08-19},
  file = {/home/maxime/Zotero/storage/GW4PEC7U/Portail_web.html}
}

@misc{zotero-197,
  title = {{{CATALOGUE}} : {{Définition}} de {{CATALOGUE}}},
  url = {https://cnrtl.fr/definition/academie9/catalogue},
  urldate = {2024-08-19},
  file = {/home/maxime/Zotero/storage/USICL36W/catalogue.html}
}

@misc{zotero-205,
  title = {{{INTERFACE}} : {{Définition}} de {{INTERFACE}}},
  url = {https://www.cnrtl.fr/lexicographie/interface},
  urldate = {2024-08-19},
  file = {/home/maxime/Zotero/storage/FYYP6ZDA/interface.html}
}

@misc{zotero-224,
  title = {Sérendipité | {{Académie}} française},
  url = {https://www.academie-francaise.fr/serendipite},
  urldate = {2024-08-19},
  file = {/home/maxime/Zotero/storage/LAFJX4ET/serendipite.html}
}

@misc{zotero-226,
  title = {Le médium c'est le message — {{Wikipédia}}},
  url = {https://fr.wikipedia.org/wiki/Le_m%C3%A9dium_c%27est_le_message},
  urldate = {2024-08-19},
  file = {/home/maxime/Zotero/storage/RYU2ELJ9/Le_médium_c'est_le_message.html}
}

@misc{zotero-227,
  title = {{{DIGITAL REPORT}} - {{LES DERNIERS CHIFFRES DU NUMÉRIQUE}} - {{OCTOBRE}} 2023 - {{We Are Social France}}},
  url = {https://wearesocial.com/fr/blog/2023/10/digital-report-les-derniers-chiffres-du-numerique-octobre-2023/},
  urldate = {2024-08-19},
  file = {/home/maxime/Zotero/storage/XSK2TFF6/digital-report-les-derniers-chiffres-du-numerique-octobre-2023.html}
}

@misc{zotero-229,
  title = {Internet et réseaux sociaux : nombre d'utilisateurs 2024 | {{Statista}}},
  url = {https://fr.statista.com/statistiques/1350675/nombre-utilisateurs-internet-reseaux-sociaux-monde/},
  urldate = {2024-08-19},
  file = {/home/maxime/Zotero/storage/F7RBCXK6/nombre-utilisateurs-internet-reseaux-sociaux-monde.html}
}

@misc{zotero-245,
  title = {Search {{Engine Market Share France}} | {{Statcounter Global Stats}}},
  url = {https://gs.statcounter.com/search-engine-market-share/all/france},
  urldate = {2024-08-19}
}

@misc{zotero-250,
  title = {(4) {{LinkedIn}}},
  url = {https://www.linkedin.com/pulse/le-meilleur-endroit-pour-cacher-un-cadavre-est-%C3%A0-la-page-loubier-/},
  urldate = {2024-08-19}
}

@misc{zotero-251,
  title = {{Qu’est-ce que le mappage des données ? Définition et exemples}},
  shorttitle = {{Qu’est-ce que le mappage des données ?}},
  journal = {Talend - A Leader in Data Integration \& Data Integrity},
  url = {https://www.talend.com/fr/resources/data-mapping/},
  urldate = {2024-08-19},
  abstract = {Le mappage des données est un élément crucial de la gestion des données qui garantit la qualité des données lors des intégrations, migrations et autres tâches de gestion des données.},
  langid = {french}
}

@misc{zotero-283,
  title = {Web 2.0 — {{Wikipédia}}},
  url = {https://fr.wikipedia.org/wiki/Web_2.0},
  urldate = {2024-08-19}
}

@misc{zotero-284,
  title = {Data growth worldwide 2010-2025 | {{Statista}}},
  url = {https://www.statista.com/statistics/871513/worldwide-data-created/},
  urldate = {2024-08-19}
}

@misc{zotero-296,
  title = {{{GPT-4}} — {{Wikipédia}}},
  url = {https://fr.wikipedia.org/wiki/GPT-4},
  urldate = {2024-08-19},
  file = {/home/maxime/Zotero/storage/RKI28KHG/GPT-4.html}
}

@misc{zotero-301,
  title = {Loi de {{Moore}} — {{Wikipédia}}},
  url = {https://fr.wikipedia.org/wiki/Loi_de_Moore},
  urldate = {2024-08-19},
  file = {/home/maxime/Zotero/storage/KKWIY8FX/Loi_de_Moore.html}
}

@misc{zotero-315,
  title = {{Explicabilité (IA)}},
  url = {https://www.cnil.fr/fr/definition/explicabilite-ia},
  urldate = {2024-08-19},
  abstract = {Dans le domaine de l'intelligence artificielle, l’explicabilité est la capacité de mettre en relation et de rendre compréhensible les éléments pris en compte par le système d’IA pour la production d’un résultat. Il peut s’agir, par exemple, des variables d’entrée et de leurs conséquences sur la prévision d’un score, et ainsi sur la décision.},
  langid = {french},
  file = {/home/maxime/Zotero/storage/KG9UELLQ/explicabilite-ia.html}
}

@misc{zotero-323,
  title = {Droit d'auteur en {{France}} — {{Wikipédia}}},
  url = {https://fr.wikipedia.org/wiki/Droit_d'auteur_en_France},
  urldate = {2024-08-19},
  file = {/home/maxime/Zotero/storage/L3XDYRA2/Droit_d'auteur_en_France.html}
}

@misc{zotero-357,
  title = {Hallucination (intelligence artificielle — {{Wikipédia}}},
  url = {https://fr.wikipedia.org/wiki/Hallucination_(intelligence_artificielle},
  urldate = {2024-08-19},
  file = {/home/maxime/Zotero/storage/6D9RRQ29/Hallucination_(intelligence_artificielle.html}
}

@misc{zotero-361,
  title = {À propos - {{notreHistoire}}.ch},
  url = {https://notrehistoire.ch/pages/a-propos},
  urldate = {2024-08-19},
  file = {/home/maxime/Zotero/storage/E2KTBTMP/a-propos.html}
}

@misc{zotero-362,
  title = {À propos - {{notreHistoire}}.ch},
  url = {https://notrehistoire.ch/pages/a-propos},
  urldate = {2024-08-19},
  file = {/home/maxime/Zotero/storage/AQEJ4ZQL/a-propos.html}
}

@misc{zotero-363,
  title = {Accueil},
  url = {https://www.fonsart.ch/},
  urldate = {2024-08-19},
  file = {/home/maxime/Zotero/storage/IBPCAU6K/www.fonsart.ch.html}
}

@misc{zotero-365,
  title = {{Qu'est-ce que le digital labor ?}},
  journal = {La Revue des Médias},
  url = {https://larevuedesmedias.ina.fr/quest-ce-que-le-digital-labor},
  urldate = {2024-08-19},
  abstract = {Dominique Cardon et Antonio A. Casilli débattent dans un livre important de la notion de « Digital Labor~». Extraits.},
  langid = {french},
  file = {/home/maxime/Zotero/storage/M44AYK3P/quest-ce-que-le-digital-labor.html}
}

@misc{zotero-366,
  title = {Page non trouvée | la revue des médias},
  url = {https://larevuedesmedias.ina.fr/quest-ce-que-le-digital-labor%20consult%C3%A9%20le%2012/08/2024},
  urldate = {2024-08-19},
  file = {/home/maxime/Zotero/storage/6ZK8WBJ2/2024.html}
}

@misc{zotero-367,
  title = {Définitions : mème - {{Dictionnaire}} de français {{Larousse}}},
  url = {https://www.larousse.fr/dictionnaires/francais/m%C3%A8me/10910896},
  urldate = {2024-08-19},
  file = {/home/maxime/Zotero/storage/ZNICUCEL/10910896.html}
}

@misc{zotero-368,
  title = {L.{{H}}.{{O}}.{{O}}.{{Q}}. - {{Centre Pompidou}}},
  url = {https://www.centrepompidou.fr/fr/ressources/oeuvre/c5pXdk6},
  urldate = {2024-08-19},
  file = {/home/maxime/Zotero/storage/X3S83ILC/c5pXdk6.html}
}

@misc{zotero-393,
  title = {Tour de {{Babel}} — {{Wikipédia}}},
  url = {https://fr.wikipedia.org/wiki/Tour_de_Babel},
  urldate = {2024-08-19}
}
