
@book{bermes_lecran_2024,
	location = {Paris},
	title = {"De l'écran à l'émotion, quand le numérique devient patrimoine"},
	isbn = {978-2-35723-187-0},
	publisher = {École nationale des chartes – {PSL}},
	author = {Bermès, Emmanuelle},
	date = {2024},
}

@unpublished{plouviez_philosophie_2023,
	location = {Paris, France},
	title = {Philosophie de l'héritage : le projet Philherit},
	url = {https://www.bnf.fr/fr/agenda/penser-la-decouvrabilite-des-contenus-culturels},
	note = {Penser la découvrabilité des contenus culturels},
	author = {Plouviez, Mélanie},
	date = {2023-06-20},
}

@incollection{bermes_vers_2016,
	location = {Paris},
	title = {Vers de nouveaux catalogues ? Propos introductif},
	isbn = {978-2-7654-1513-8},
	url = {https://www.cairn.info/vers-de-nouveaux-catalogues--9782765415138-p-9.htm},
	series = {Bibliothèques},
	shorttitle = {Vers de nouveaux catalogues ?},
	abstract = {Peut-on parler de « nouveaux » catalogues alors qu’au cours des dernières décennies, les catalogues de bibliothèques n’ont cessé de se réinventer ? Des premières heures de l’informatisation aux {OPAC} dits de « nouvelle génération », des systèmes intégrés de gestion de bibliothèque ({SIGB}) aux portails de découverte, les catalogues n’ont cessé de présenter des visages pluriels. Pourtant, l’irruption du Web, le passage au numérique d’une partie significative des ressources documentaires et la remise en cause des formats {MARC} sont autant de tendances de long terme qui obligent les catalogues à se renouveler. Avec l’émergence d’un nouvel environnement technologique de la « data » (open data, linked data, data visualisation, big data…), ce ne sont plus tant les catalogues qui comptent que les données qu’ils contiennent, notamment lorsqu’il s’agit de leur diffusion sur le Web.Le paysage actuel des catalogues, tel qu’il se dresse à la lecture des contributions au présent ouvrage, voit les systèmes et pratiques évoluer de manières diverses, prenant inspiration dans un environnement technologique extrêmement stimulant, qui favorise les coopérations et l’inventivité et ouvre de nouveaux possibles. Loin de céder à une vision pessimiste des catalogues traditionnels, cœur de métier des bibliothèques, menacés de disparition, il laisse espérer l’émergence de « nouveaux catalogues », qui n’en porteront peut-être plus le nom, mais continueront à constituer la plateforme technologique sur laquelle se construit la mission première des bibliothèques : l’accès de tous à la connaissance et aux savoirs.},
	pages = {9--12},
	booktitle = {Vers de nouveaux catalogues},
	publisher = {Éditions du Cercle de la Librairie},
	author = {Bermès, Emmanuelle},
	urldate = {2024-08-19},
	date = {2016},
	langid = {french},
	doi = {10.3917/elec.berme.2016.01.0009},
	note = {{ISSN}: 0184-0886},
	file = {Snapshot:C\:\\Users\\grive\\Zotero\\storage\\QLWDRUJK\\vers-de-nouveaux-catalogues--9782765415138-page-9.html:text/html},
}

@incollection{bermes_vers_2016-1,
	location = {Paris},
	title = {Vers un catalogue orienté entités : la {FRBRisation} des catalogues},
	isbn = {978-2-7654-1513-8},
	url = {https://www.cairn.info/vers-de-nouveaux-catalogues--9782765415138-p-25.htm},
	series = {Bibliothèques},
	shorttitle = {Vers un catalogue orienté entités},
	abstract = {Peut-on parler de « nouveaux » catalogues alors qu’au cours des dernières décennies, les catalogues de bibliothèques n’ont cessé de se réinventer ? Des premières heures de l’informatisation aux {OPAC} dits de « nouvelle génération », des systèmes intégrés de gestion de bibliothèque ({SIGB}) aux portails de découverte, les catalogues n’ont cessé de présenter des visages pluriels. Pourtant, l’irruption du Web, le passage au numérique d’une partie significative des ressources documentaires et la remise en cause des formats {MARC} sont autant de tendances de long terme qui obligent les catalogues à se renouveler. Avec l’émergence d’un nouvel environnement technologique de la « data » (open data, linked data, data visualisation, big data…), ce ne sont plus tant les catalogues qui comptent que les données qu’ils contiennent, notamment lorsqu’il s’agit de leur diffusion sur le Web.Le paysage actuel des catalogues, tel qu’il se dresse à la lecture des contributions au présent ouvrage, voit les systèmes et pratiques évoluer de manières diverses, prenant inspiration dans un environnement technologique extrêmement stimulant, qui favorise les coopérations et l’inventivité et ouvre de nouveaux possibles. Loin de céder à une vision pessimiste des catalogues traditionnels, cœur de métier des bibliothèques, menacés de disparition, il laisse espérer l’émergence de « nouveaux catalogues », qui n’en porteront peut-être plus le nom, mais continueront à constituer la plateforme technologique sur laquelle se construit la mission première des bibliothèques : l’accès de tous à la connaissance et aux savoirs.},
	pages = {25--35},
	booktitle = {Vers de nouveaux catalogues},
	publisher = {Éditions du Cercle de la Librairie},
	author = {Bermès, Emmanuelle},
	urldate = {2024-08-19},
	date = {2016},
	langid = {french},
	doi = {10.3917/elec.berme.2016.01.0025},
	note = {{ISSN}: 0184-0886},
	file = {Snapshot:C\:\\Users\\grive\\Zotero\\storage\\BHDFGWN3\\vers-de-nouveaux-catalogues--9782765415138-page-25.html:text/html},
}

@incollection{lapotre_visualiser_2016,
	location = {Paris},
	title = {Visualiser les données du catalogue},
	isbn = {978-2-7654-1513-8},
	url = {https://www.cairn.info/vers-de-nouveaux-catalogues--9782765415138-p-37.htm},
	series = {Bibliothèques},
	abstract = {Peut-on parler de « nouveaux » catalogues alors qu’au cours des dernières décennies, les catalogues de bibliothèques n’ont cessé de se réinventer ? Des premières heures de l’informatisation aux {OPAC} dits de « nouvelle génération », des systèmes intégrés de gestion de bibliothèque ({SIGB}) aux portails de découverte, les catalogues n’ont cessé de présenter des visages pluriels. Pourtant, l’irruption du Web, le passage au numérique d’une partie significative des ressources documentaires et la remise en cause des formats {MARC} sont autant de tendances de long terme qui obligent les catalogues à se renouveler. Avec l’émergence d’un nouvel environnement technologique de la « data » (open data, linked data, data visualisation, big data…), ce ne sont plus tant les catalogues qui comptent que les données qu’ils contiennent, notamment lorsqu’il s’agit de leur diffusion sur le Web.Le paysage actuel des catalogues, tel qu’il se dresse à la lecture des contributions au présent ouvrage, voit les systèmes et pratiques évoluer de manières diverses, prenant inspiration dans un environnement technologique extrêmement stimulant, qui favorise les coopérations et l’inventivité et ouvre de nouveaux possibles. Loin de céder à une vision pessimiste des catalogues traditionnels, cœur de métier des bibliothèques, menacés de disparition, il laisse espérer l’émergence de « nouveaux catalogues », qui n’en porteront peut-être plus le nom, mais continueront à constituer la plateforme technologique sur laquelle se construit la mission première des bibliothèques : l’accès de tous à la connaissance et aux savoirs.},
	pages = {37--47},
	booktitle = {Vers de nouveaux catalogues},
	publisher = {Éditions du Cercle de la Librairie},
	author = {Lapôtre, Raphaëlle},
	urldate = {2024-08-19},
	date = {2016},
	langid = {french},
	doi = {10.3917/elec.berme.2016.01.0037},
	note = {{ISSN}: 0184-0886},
	file = {Snapshot:C\:\\Users\\grive\\Zotero\\storage\\9BTZNABC\\vers-de-nouveaux-catalogues--9782765415138-page-37.html:text/html;Submitted Version:C\:\\Users\\grive\\Zotero\\storage\\JYEHPU5L\\Lapôtre - 2016 - Visualiser les données du catalogue.pdf:application/pdf},
}

@incollection{leresche_transition_2016,
	location = {Paris},
	title = {La Transition bibliographique},
	isbn = {978-2-7654-1513-8},
	url = {https://www.cairn.info/vers-de-nouveaux-catalogues--9782765415138-p-49.htm},
	series = {Bibliothèques},
	abstract = {Peut-on parler de « nouveaux » catalogues alors qu’au cours des dernières décennies, les catalogues de bibliothèques n’ont cessé de se réinventer ? Des premières heures de l’informatisation aux {OPAC} dits de « nouvelle génération », des systèmes intégrés de gestion de bibliothèque ({SIGB}) aux portails de découverte, les catalogues n’ont cessé de présenter des visages pluriels. Pourtant, l’irruption du Web, le passage au numérique d’une partie significative des ressources documentaires et la remise en cause des formats {MARC} sont autant de tendances de long terme qui obligent les catalogues à se renouveler. Avec l’émergence d’un nouvel environnement technologique de la « data » (open data, linked data, data visualisation, big data…), ce ne sont plus tant les catalogues qui comptent que les données qu’ils contiennent, notamment lorsqu’il s’agit de leur diffusion sur le Web.Le paysage actuel des catalogues, tel qu’il se dresse à la lecture des contributions au présent ouvrage, voit les systèmes et pratiques évoluer de manières diverses, prenant inspiration dans un environnement technologique extrêmement stimulant, qui favorise les coopérations et l’inventivité et ouvre de nouveaux possibles. Loin de céder à une vision pessimiste des catalogues traditionnels, cœur de métier des bibliothèques, menacés de disparition, il laisse espérer l’émergence de « nouveaux catalogues », qui n’en porteront peut-être plus le nom, mais continueront à constituer la plateforme technologique sur laquelle se construit la mission première des bibliothèques : l’accès de tous à la connaissance et aux savoirs.},
	pages = {49--67},
	booktitle = {Vers de nouveaux catalogues},
	publisher = {Éditions du Cercle de la Librairie},
	author = {Leresche, Françoise},
	urldate = {2024-08-19},
	date = {2016},
	langid = {french},
	doi = {10.3917/elec.berme.2016.01.0049},
	note = {{ISSN}: 0184-0886},
	file = {Snapshot:C\:\\Users\\grive\\Zotero\\storage\\ZFTAQP8J\\vers-de-nouveaux-catalogues--9782765415138-page-49.html:text/html},
}

@incollection{poupeau_donnee_2016,
	location = {Paris},
	title = {La donnée : nouvelle perspective pour les bibliothèques},
	isbn = {978-2-7654-1513-8},
	url = {https://www.cairn.info/vers-de-nouveaux-catalogues--9782765415138-p-159.htm},
	series = {Bibliothèques},
	shorttitle = {La donnée},
	abstract = {Peut-on parler de « nouveaux » catalogues alors qu’au cours des dernières décennies, les catalogues de bibliothèques n’ont cessé de se réinventer ? Des premières heures de l’informatisation aux {OPAC} dits de « nouvelle génération », des systèmes intégrés de gestion de bibliothèque ({SIGB}) aux portails de découverte, les catalogues n’ont cessé de présenter des visages pluriels. Pourtant, l’irruption du Web, le passage au numérique d’une partie significative des ressources documentaires et la remise en cause des formats {MARC} sont autant de tendances de long terme qui obligent les catalogues à se renouveler. Avec l’émergence d’un nouvel environnement technologique de la « data » (open data, linked data, data visualisation, big data…), ce ne sont plus tant les catalogues qui comptent que les données qu’ils contiennent, notamment lorsqu’il s’agit de leur diffusion sur le Web.Le paysage actuel des catalogues, tel qu’il se dresse à la lecture des contributions au présent ouvrage, voit les systèmes et pratiques évoluer de manières diverses, prenant inspiration dans un environnement technologique extrêmement stimulant, qui favorise les coopérations et l’inventivité et ouvre de nouveaux possibles. Loin de céder à une vision pessimiste des catalogues traditionnels, cœur de métier des bibliothèques, menacés de disparition, il laisse espérer l’émergence de « nouveaux catalogues », qui n’en porteront peut-être plus le nom, mais continueront à constituer la plateforme technologique sur laquelle se construit la mission première des bibliothèques : l’accès de tous à la connaissance et aux savoirs.},
	pages = {159--171},
	booktitle = {Vers de nouveaux catalogues},
	publisher = {Éditions du Cercle de la Librairie},
	author = {Poupeau, Gautier},
	urldate = {2024-08-19},
	date = {2016},
	langid = {french},
	doi = {10.3917/elec.berme.2016.01.0159},
	note = {{ISSN}: 0184-0886},
	file = {Snapshot:C\:\\Users\\grive\\Zotero\\storage\\XEKYP2I2\\vers-de-nouveaux-catalogues--9782765415138-page-159.html:text/html},
}

@article{carre-marillonnet_transition_2022,
	title = {Transition bibliographique : 7 ans plus tard, où en sommes-nous ?},
	volume = {357},
	issn = {2260-166X},
	shorttitle = {Transition bibliographique},
	abstract = {Avec l’automatisation, les applications de gestion électronique des documents (Ged) peuvent franchir un pas de plus en faveur des organisations dématérialisées. Les enjeux sont multiples : gain d’efficacité, bien sûr, mais aussi meilleures fiabilité et traçabilité. Pour automatiser davantage, il faudra identifier les flux, chasser les tâches sans valeur ajoutée, modéliser, tester, mettre en oeuvre…},
	pages = {36--37},
	number = {7},
	author = {Carré-Marillonnet, Fabien and Aymonin, David},
	date = {2022},
	langid = {french},
	doi = {10.3917/arma.357.0036},
	note = {Publisher: Serda Archimag},
}

@incollection{mesguich_5_2017,
	location = {Paris},
	title = {5. De nouveaux chemins pour accéder aux ressources},
	isbn = {978-2-7654-1521-3},
	url = {https://www.cairn.info/bibliotheques-le-web-est-a-vous--9782765415213-p-105.htm},
	series = {Bibliothèques},
	abstract = {Le Web est aux bibliothèques qui savent tirer parti de sa richesse et de sa diversité, au service de publics toujours plus connectés. Au cours de ces dernières années marquées par la dématérialisation des supports, la question de l’évolution des bibliothèques s’est souvent traduite en termes de « lieux » conviviaux et adaptés aux nombreux usages des différents publics. Mais qu’en est-il de la présence, de l’offre de services et de la visibilité des bibliothèques sur le Web ? Le Web de la fin des années 2010 est multimédia et accessible en temps réel. Il permet de relier des personnes, des documents, des données, et même des objets. Il offre de nombreuses opportunités pour les bibliothèques, quelle que soit leur nature. À l’heure de la mobilité et des plateformes collaboratives, à l’heure de la « génération qui ne veut pas posséder », à l’heure des données ouvertes et de plus en plus massives, de nombreux enjeux se font jour. Au-delà des étiquettes « Web 2.0 », « Web 3.0 », ou encore « Web des objets », il s’agit pour les bibliothécaires d’utiliser celui-ci pour y inscrire la bibliothèque, ses ressources et ses services, afin d’attirer et de fidéliser de nouveaux publics, de renforcer les liens avec et entre les usagers, de créer de nouveaux services, et plus globalement de faire rayonner l’offre de la bibliothèque et la compétence de ses équipes.Cet ouvrage s’adresse à tous les professionnels des bibliothèques et décrit d’un point de vue très opérationnel les différents moyens de répondre à ces enjeux cruciaux. Chaque chapitre est consacré à un thème spécifique : créer et gérer des communautés via les médias sociaux (de Facebook à Pinterest, en passant par {YouTube}) ; augmenter la visibilité des catalogues et des bibliothèques numériques grâce aux nouveaux modèles de catalogage et aux principes du référencement naturel ; valoriser et disséminer les ressources électroniques, notamment à travers la visibilité des livres numériques et le développement d’applications ; analyser et filtrer la surabondance informationnelle grâce à la veille, la curation et en s’appuyant sur les humanités numériques…Chacun des nombreux canaux, méthodes ou services présentés fait l’objet d’une description détaillée, illustrée par des exemples concrets et des bonnes pratiques. La question des compétences nécessaires, ainsi que les aspects juridiques et organisationnels sont également évoqués.},
	pages = {105--143},
	booktitle = {Bibliothèques : le Web est à vous},
	publisher = {Éditions du Cercle de la Librairie},
	author = {Mesguich, Véronique},
	urldate = {2024-08-19},
	date = {2017},
	langid = {french},
	note = {{ISSN}: 0184-0886},
	file = {Snapshot:C\:\\Users\\grive\\Zotero\\storage\\56C3EJQF\\bibliotheques-le-web-est-a-vous--9782765415213-page-105.html:text/html},
}

@unpublished{robineau_programme_2023,
	location = {Archives nationales (Pierrefitte-sur-Seine)},
	title = {Le programme {IIIF} 360 pour les archives},
	note = {Journée d'étude internationale {IIIF}},
	author = {{ROBINEAU}, Régis and {SAJDAK}, Cécile},
	date = {2023-11-30},
}

@unpublished{brunet_archives_2023,
	location = {Archives nationales (Pierrefitte-sur-Seine)},
	title = {les archives du Lot-et-Garonne en route vers le {IIIF}},
	note = {Journée d'étude internationale {IIIF}},
	author = {Brunet, Isabelle and Capot, Stéphane and Buset, Marc and Moreau, Charles},
	date = {2023-11-30},
}

@article{dribault_dujardin_levolution_2020,
	title = {L’évolution des pratiques de description des archives documentaires de l’Institut national de l’audiovisuel ({INA}) à l’ère du numérique},
	rights = {free},
	url = {https://www.persee.fr/doc/gazar_0016-5522_2020_num_257_1_5948},
	doi = {10.3406/gazar.2020.5948},
	abstract = {Depuis plus de quarante ans, l’Institut national de l’audiovisuel ({INA}) oeuvre à la préservation, à la conservation et à la valorisation du patrimoine audiovisuel. Il a, très tôt, grâce à une politique de numérisation de ses fonds, proposé des produits innovants permettant de valoriser ses collections et de répondre à de nouveaux besoins. L’{INA} a choisi de refondre son système d’information documentaire pour répondre aux changements liés à l’accroissement et à la diversification de ses fonds et à la prise en compte de nouvelles technologies. Cette refonte répond aux évolutions des modes de recherche et se base sur deux principes : fédérer les descriptions dans une base unique, et concevoir un modèle générique pour toutes les natures de documents. L’{INA} a assuré la cohérence de ses bases au fil du temps. À l’arrivée du nouveau système d’information et l’implémentation d’outils liés au numérique, il convient d’assurer la gouvernance de la donnée.},
	author = {Dribault Dujardin, Claire Marie and Fackler, Dominique and Pichon, Jeannette},
	urldate = {2024-08-19},
	date = {2020},
	note = {Publisher: Persée - Portail des revues scientifiques en {SHS}},
}

@article{windhager_visualization_2019,
	title = {Visualization of Cultural Heritage Collection Data: State of the Art and Future Challenges},
	volume = {25},
	rights = {https://ieeexplore.ieee.org/Xplorehelp/downloads/license-information/{OAPA}.html},
	issn = {1077-2626, 1941-0506, 2160-9306},
	url = {https://ieeexplore.ieee.org/document/8352050/},
	doi = {10.1109/TVCG.2018.2830759},
	shorttitle = {Visualization of Cultural Heritage Collection Data},
	pages = {2311--2330},
	number = {6},
	journaltitle = {{IEEE} Transactions on Visualization and Computer Graphics},
	shortjournal = {{IEEE} Trans. Visual. Comput. Graphics},
	author = {Windhager, Florian and Federico, Paolo and Schreder, Gunther and Glinka, Katrin and Dork, Marian and Miksch, Silvia and Mayr, Eva},
	urldate = {2024-08-19},
	date = {2019-06-01},
	file = {Full Text:C\:\\Users\\grive\\Zotero\\storage\\JY2L8BX2\\Windhager et al. - 2019 - Visualization of Cultural Heritage Collection Data.pdf:application/pdf},
}

@article{gilman_museum_1916,
	title = {Museum Fatigue},
	volume = {2},
	issn = {0096-3771},
	url = {https://www.jstor.org/stable/6127},
	pages = {62--74},
	number = {1},
	journaltitle = {The Scientific Monthly},
	author = {Gilman, Benjamin Ives},
	urldate = {2024-08-19},
	date = {1916},
	note = {Publisher: American Association for the Advancement of Science},
	file = {JSTOR Full Text PDF:C\:\\Users\\grive\\Zotero\\storage\\Y7Q6JUYM\\Gilman - 1916 - Museum Fatigue.pdf:application/pdf},
}

@thesis{shen_generous_2023,
	title = {A Generous Interface for the Discoverability of Text Collections},
	rights = {In Copyright - Educational Use Permitted},
	url = {https://dspace.mit.edu/handle/1721.1/151417},
	abstract = {Existing search interfaces for digital collections are excellent for finding specific items, but are unfriendly to inexperienced users, fail to facilitate exploration, and do not highlight the internal relationships and structures within a collection. Generous interfaces have been theorized as an alternative to search-centric information retrieval, and have begun to be implemented in a limited number of digital cultural institutions. However, there are almost no examples of generous interfaces for text-based collections, a significant omission. In this thesis, I propose and implement an experimental interface to explore a collection of nearly 50,000 theses sourced from {MIT}’s {DSpace} collection: a “spatial search” where content is mapped onto a two-dimensional virtual space that enables users to search by “moving” rather than through queries. I then use an experiment to evaluate the interface against a traditional search interface, and find consistent evidence that the interface improves exploration, quality of items found, and user engagement when participants are asked to freely explore.},
	institution = {Massachusetts Institute of Technology},
	type = {Thesis},
	author = {Shen, Jeffrey J.},
	urldate = {2024-08-19},
	date = {2023-06},
	langid = {english},
	note = {Accepted: 2023-07-31T19:38:10Z},
	file = {Full Text PDF:C\:\\Users\\grive\\Zotero\\storage\\ZLYD3HQ4\\Shen - 2023 - A Generous Interface for the Discoverability of Te.pdf:application/pdf},
}

@online{miller_networked_2014,
	title = {The Networked Catalog {\textbar} The New York Public Library},
	url = {https://www.nypl.org/blog/2014/07/31/networked-catalog},
	author = {Miller, Matt},
	urldate = {2024-08-19},
	date = {2014-07-31},
	file = {The Networked Catalog | The New York Public Library:C\:\\Users\\grive\\Zotero\\storage\\N928PCFE\\networked-catalog.html:text/html},
}

@article{hachour_fouille_2015,
	title = {De la fouille à la visualisation de données : un processus interprétatif},
	volume = {52},
	issn = {2428-2111},
	url = {https://www.cairn.info/revue-i2d-information-donnees-et-documents-2015-2-page-42.htm},
	doi = {10.3917/i2d.152.0042},
	shorttitle = {De la fouille à la visualisation de données},
	abstract = {[théorie] La visualisation s’inscrit dans la tradition des pratiques informationnelles dont l’objectif est de réaliser un document de synthèse présentant des aspects d’un ensemble de données complexes.},
	pages = {42--43},
	number = {2},
	journaltitle = {I2D - Information, données \& documents},
	shortjournal = {I2D - Information, données \& documents},
	author = {Hachour, Hakim},
	urldate = {2024-08-19},
	date = {2015},
	langid = {french},
	note = {Place: Paris
Publisher: A.D.B.S.},
	file = {Full Text PDF:C\:\\Users\\grive\\Zotero\\storage\\V95WYV3Z\\Hachour - 2015 - De la fouille à la visualisation de données  un p.pdf:application/pdf},
}

@article{windhager_review_nodate,
	title = {A Review of Information Visualization Approaches and Interfaces to Digital Cultural Heritage Collections},
	abstract = {After decades of digitization, the web hosts a large scale museum, consisting of millions of digital cultural objects. To balance the drawbacks of parsimonious search-centric interfaces, various approaches have been developed to enable also visual access to these collections, and to browse and explore the cultural richness of existing archives. This paper reviews information visualization approaches to digital cultural heritage collections, reflects on prominent arrangement principles and design choices for digital collection interfaces, and points out options for future research.},
	author = {Windhager, Florian and Federico, Paolo and Mayr, Eva and Schreder, Günther and Smuc, Michael},
	langid = {english},
	file = {Windhager et al. - A Review of Information Visualization Approaches a.pdf:C\:\\Users\\grive\\Zotero\\storage\\LH9X39HX\\Windhager et al. - A Review of Information Visualization Approaches a.pdf:application/pdf},
}

@online{noauthor_chronicling_nodate,
	title = {Chronicling America Maps and Visualizations - National Digital Newspaper Program (Library of Congress)},
	url = {https://www.loc.gov/ndnp/data-visualizations/},
	urldate = {2024-08-19},
	file = {Chronicling America Maps and Visualizations - National Digital Newspaper Program (Library of Congress):C\:\\Users\\grive\\Zotero\\storage\\J2CAMB5J\\data-visualizations.html:text/html},
}

@article{windhager_orchestrating_2018,
	title = {Orchestrating Overviews: A Synoptic Approach to the Visualization of Cultural Collections},
	volume = {4},
	rights = {http://creativecommons.org/licenses/by/4.0},
	issn = {2056-6700},
	url = {https://olh.openlibhums.org/articles/10.16995/olh.276/},
	doi = {10.16995/olh.276},
	shorttitle = {Orchestrating Overviews},
	pages = {9},
	number = {2},
	journaltitle = {Open Library of Humanities},
	author = {Windhager, Florian and Salisu, Saminu and Schreder, Günther and Mayr, Eva},
	urldate = {2024-08-19},
	date = {2018-08-13},
	langid = {english},
	file = {Full Text:C\:\\Users\\grive\\Zotero\\storage\\PA7RDDIR\\Windhager et al. - 2018 - Orchestrating Overviews A Synoptic Approach to th.pdf:application/pdf},
}

@online{noauthor_impresso_nodate,
	title = {impresso {\textbar} Media Monitoring of the Past},
	url = {https://impresso-project.ch/app/},
	urldate = {2024-08-19},
	file = {impresso | Media Monitoring of the Past:C\:\\Users\\grive\\Zotero\\storage\\6YILVRI4\\app.html:text/html},
}

@online{noauthor_philosophie_nodate,
	title = {Philosophie de l’héritage et humanités numériques ({PHILHERIT} {DH}) - Université Côte d'Azur},
	url = {https://univ-cotedazur.fr/recherche-innovation/structures-de-recherche/academies-dexcellence/academie-dexcellence-homme-idees-et-milieux/projets-de-recherche/projets-2020-2024/phil-herit-dh},
	urldate = {2024-08-19},
	file = {Philosophie de l’héritage et humanités numériques (PHILHERIT DH) - Université Côte d'Azur:C\:\\Users\\grive\\Zotero\\storage\\2NG4NIXR\\phil-herit-dh.html:text/html},
}

@book{foucault_archeologie_2008,
	location = {Paris},
	title = {L'archéologie du savoir},
	isbn = {978-2-07-011987-5},
	series = {Tel},
	number = {354},
	publisher = {Gallimard},
	author = {Foucault, Michel},
	date = {2008},
}

@article{ehrmann_explorer_2021,
	title = {Explorer la presse numérisée : le projet Impresso},
	volume = {129/2021},
	url = {https://infoscience.epfl.ch/handle/20.500.14299/185588},
	shorttitle = {Explorer la presse numérisée},
	abstract = {« Impresso – Media Monitoring of the Past » est un projet de recherche interdisciplinaire dans lequel une équipe d’historiens, de linguistes informaticiens et de designers collabore à la mise en données d’un corpus d’archives de presse numérisées. Les principaux objectifs du projet sont d’améliorer les outils d’extraction d’information pour les textes historiques, d’indexer sémantiquement des journaux historiques, et d’intégrer les enrichissements obtenus dans les pratiques de recherche des historiens au moyen d’une interface nouvellement développée.},
	pages = {159--173},
	author = {Ehrmann, Maud},
	urldate = {2024-08-19},
	date = {2021-11-27},
	langid = {english},
	file = {Full Text PDF:C\:\\Users\\grive\\Zotero\\storage\\F7HES6GQ\\Ehrmann - 2021 - Explorer la presse numérisée  le projet Impresso.pdf:application/pdf},
}

@article{during_transparent_2024,
	title = {Transparent generosity. Introducing the \textit{impresso} interface for the exploration of semantically enriched historical newspapers},
	volume = {57},
	issn = {0161-5440, 1940-1906},
	url = {https://www.tandfonline.com/doi/full/10.1080/01615440.2024.2344004},
	doi = {10.1080/01615440.2024.2344004},
	pages = {20--40},
	number = {1},
	journaltitle = {Historical Methods: A Journal of Quantitative and Interdisciplinary History},
	shortjournal = {Historical Methods: A Journal of Quantitative and Interdisciplinary History},
	author = {Düring, Marten and Bunout, Estelle and Guido, Daniele},
	urldate = {2024-08-19},
	date = {2024-01-02},
	langid = {english},
}

@online{noauthor_revolte_2018,
	title = {La révolte des abricots de 1953: des citoyens saxonains revalorisent un épisode de l’histoire agricole valaisanne},
	url = {https://canal9.ch/fr/la-revolte-des-abricots-de-1953-des-citoyens-saxonains-revalorisent-un-episode-de-lhistoire-agricole-valaisanne/},
	shorttitle = {La révolte des abricots de 1953},
	abstract = {Le 7 août 1953 à Saxon, 5000 personnes se réunissaient pour protester contre un arrêté fédéral interdisant la cueillette des abricots avec à leur tête, une poignée d’agriculteurs, les fondateurs de l’Union des producteurs valaisans. Charly Nicolet et Roland Juilland en témoignent. D’ici l’été 2019, quelques Saxonains leur rendront hommage avec le concours de la...},
	titleaddon = {Canal9},
	urldate = {2024-08-19},
	date = {2018-09-25},
	langid = {french},
	note = {Section: {ACTUALITÉS}},
	file = {Snapshot:C\:\\Users\\grive\\Zotero\\storage\\9ZQK6HAV\\la-revolte-des-abricots-de-1953-des-citoyens-saxonains-revalorisent-un-episode-de-lhistoire-agr.html:text/html},
}

@online{noauthor_overall_nodate,
	title = {Overall Aims – {InTavia}},
	url = {https://web.archive.org/web/20231207162031/https:/intavia.eu/overall-aims/},
	urldate = {2024-08-19},
}

@misc{liem_workflow_2023,
	title = {A Workflow Approach to Visualization-Based Storytelling with Cultural Heritage Data},
	url = {http://arxiv.org/abs/2310.13718},
	abstract = {Stories are as old as human history - and a powerful means for the engaging communication of information, especially in combination with visualizations. The {InTaVia} project is built on this intersection and has developed a platform which supports the workflow of cultural heritage experts to create compelling visualization-based stories: From the search for relevant cultural objects and actors in a cultural knowledge graph, to the curation and visual analysis of the selected information, and to the creation of stories based on these data and visualizations, which can be shared with the interested public.},
	number = {{arXiv}:2310.13718},
	publisher = {{arXiv}},
	author = {Liem, Johannes and Kusnick, Jakob and Beck, Samuel and Windhager, Florian and Mayr, Eva},
	urldate = {2024-08-19},
	date = {2023-10-17},
	eprinttype = {arxiv},
	eprint = {2310.13718 [cs]},
	keywords = {Computer Science - Graphics, Computer Science - Human-Computer Interaction},
	file = {arXiv Fulltext PDF:C\:\\Users\\grive\\Zotero\\storage\\JTYGC9V5\\Liem et al. - 2023 - A Workflow Approach to Visualization-Based Storyte.pdf:application/pdf;arXiv.org Snapshot:C\:\\Users\\grive\\Zotero\\storage\\PRRDDXFJ\\2310.html:text/html},
}

@online{noauthor_system_nodate,
	title = {System Architecture – {InTavia}},
	url = {https://web.archive.org/web/20231024054641/https:/intavia.eu/system-architecture/},
	urldate = {2024-08-19},
}

@online{noel_william_nodate,
	title = {William Noel: Revealing the lost codex of Archimedes {\textbar} {TED} Talk},
	url = {https://www.ted.com/talks/william_noel_revealing_the_lost_codex_of_archimedes?subtitle=en},
	author = {Noel, William},
	translator = {Jaccarini, Anouk},
	urldate = {2024-08-19},
}

@thesis{neroulidis_crowdsourcing_2015,
	location = {{LYON}},
	title = {Le crowdsourcing appliqué aux archives numériques : concepts, pratiques et enjeux},
	url = {https://www.enssib.fr/bibliotheque-numerique/documents/66008-le-crowdsourcing-applique-aux-archives-numeriques-concepts-pratiques-et-enjeux.pdf},
	pagetotal = {109},
	institution = {Université de Lyon, {ENSSIB}},
	type = {Mémoire de Master},
	author = {Néroulidis, Ariane},
	urldate = {2024-08-19},
	date = {2015},
	file = {66008-le-crowdsourcing-applique-aux-archives-numeriques-concepts-pratiques-et-enjeux.pdf:C\:\\Users\\grive\\Zotero\\storage\\CBKECLEK\\66008-le-crowdsourcing-applique-aux-archives-numeriques-concepts-pratiques-et-enjeux.pdf:application/pdf},
}

@online{noauthor_notrehistoirech_nodate,
	title = {{notreHistoire}.ch},
	url = {https://notrehistoire.ch},
	abstract = {Nos vies : un siècle d’histoire des Suisses par leurs images},
	urldate = {2024-08-19},
	langid = {french},
	file = {Snapshot:C\:\\Users\\grive\\Zotero\\storage\\DKK6DA9C\\a-propos.html:text/html},
}

@online{bermes_futur_2024,
	title = {Le futur de la recherche documentaire : {RAG} time ! {\textbar} Figoblog},
	url = {https://figoblog.org/2024/03/30/le-futur-de-la-recherche-documentaire-rag-time/},
	titleaddon = {Figoblog},
	author = {Bermès, Emmanuelle},
	urldate = {2024-08-19},
	date = {2024-03-30},
	file = {Le futur de la recherche documentaire \: RAG time ! | Figoblog:C\:\\Users\\grive\\Zotero\\storage\\QEZX3EWW\\le-futur-de-la-recherche-documentaire-rag-time.html:text/html},
}

@online{pouyllau_quels_2024,
	title = {Quels usages du “Retrieval-augmented generation” en {SHS} ?},
	url = {https://hnlab.huma-num.fr/blog/2024/03/17/RAG/},
	abstract = {Ce court billet introduit les Retrieval-augmented generation dans leurs usages au sein des displines {SHS}, en particulier la recherche documentaire et l'histoire},
	titleaddon = {{HN} Lab Log},
	type = {Page Web},
	author = {Pouyllau, Stéphane and Ollama, {LLAMA}2 +},
	urldate = {2024-08-19},
	date = {2024-03-17},
	note = {Publisher: {HN} Lab},
	file = {Snapshot:C\:\\Users\\grive\\Zotero\\storage\\435J3YJJ\\RAG.html:text/html},
}

@article{pillaud_et_2024,
	title = {Et si l’intelligence artificielle nous faisait changer de logique ?},
	volume = {405},
	issn = {2114-6497},
	url = {https://www.cairn.info/revue-paysan-et-societe-2024-3-page-25.htm},
	doi = {10.3917/pes.405.0025},
	pages = {25--33},
	number = {3},
	journaltitle = {Paysans \& société},
	shortjournal = {Paysans \& société},
	author = {Pillaud, Hervé},
	urldate = {2024-08-19},
	date = {2024},
	langid = {french},
	note = {Place: Paris
Publisher: Revue Paysans et Société},
	file = {Full Text PDF:C\:\\Users\\grive\\Zotero\\storage\\WTGWFC5Y\\Pillaud - 2024 - Et si l’intelligence artificielle nous faisait cha.pdf:application/pdf;Snapshot:C\:\\Users\\grive\\Zotero\\storage\\HLTDET8C\\revue-paysan-et-societe-2024-3-page-25.html:text/html},
}

@online{noauthor_ia_nodate,
	title = {{IA} générative et gouvernance des données {\textbar} {IA} générative sur Vertex {AI}},
	url = {https://cloud.google.com/vertex-ai/generative-ai/docs/data-governance?hl=fr},
	titleaddon = {Google Cloud},
	urldate = {2024-08-19},
	langid = {french},
	file = {Snapshot:C\:\\Users\\grive\\Zotero\\storage\\ZCNVLXSD\\data-governance.html:text/html},
}

@online{clavey_bnf_2024,
	title = {La {BNF} : un réservoir de données pour les {IA}},
	url = {https://next.ink/142051/la-bnf-un-reservoir-de-donnees-pour-les-ia/},
	shorttitle = {La {BNF}},
	abstract = {Un consortium des trois startups de l’{IA} générative Artefact, Mistral {AI} et Giskard, en partenariat avec la Bibliothèque nationale de France ({BNF}) et l’Institut national de l’audiovisuel ({INA}), a été sélectionné par Bpifrance après un appel à projets nommé « Communs numériques pour l’intelligence artificielle générative ». L’idée est d’utiliser les données du domaine public rassemblées par […]},
	titleaddon = {Next},
	author = {Clavey, Martin},
	urldate = {2024-08-19},
	date = {2024-06-27},
	langid = {french},
	file = {Snapshot:C\:\\Users\\grive\\Zotero\\storage\\RV9C5VS8\\la-bnf-un-reservoir-de-donnees-pour-les-ia.html:text/html},
}

@online{forbes_internet_2024,
	title = {Internet n’est pas assez développé pour former l’{IA}, mais une solution existe : les fausses données},
	url = {https://www.forbes.fr/technologie/internet-nest-pas-assez-developpe-pour-former-l-ia-mais-une-solution-existe-les-fausses-donnees/},
	shorttitle = {Internet n’est pas assez développé pour former l’{IA}, mais une solution existe},
	abstract = {Une nouvelle vague de start-up anticipe la crise existentielle à laquelle est confrontée l’industrie de l’intelligence artificielle ({IA}) : que se...Une nouvelle vague de start-up anticipe la crise existentielle à laquelle est confrontée l’industrie de l’intelligence artificielle ({IA}) : que se passera-t-il lorsqu’on sera à court de données ?},
	titleaddon = {Forbes France},
	author = {Forbes},
	urldate = {2024-08-19},
	date = {2024-07-29},
	langid = {french},
	file = {Snapshot:C\:\\Users\\grive\\Zotero\\storage\\V2VYXLYT\\internet-nest-pas-assez-developpe-pour-former-l-ia-mais-une-solution-existe-les-fausses-donnees.html:text/html},
}

@online{noauthor_entrainer_nodate,
	title = {Entraîner une intelligence artificielle avec des données générées par {IA} conduit à l’absurde - Le Temps},
	url = {https://www.letemps.ch/sciences/entrainer-une-ia-avec-des-donnees-d-ia-conduit-a-l-absurde?srsltid=AfmBOopRmg4l1Q16bXgFanx2YVuh7h6o3CeuU05qkvmGvq9apQAlbtIS},
	urldate = {2024-08-19},
	file = {Entraîner une intelligence artificielle avec des données générées par IA conduit à l’absurde - Le Temps:C\:\\Users\\grive\\Zotero\\storage\\KWGLE7V5\\entrainer-une-ia-avec-des-donnees-d-ia-conduit-a-l-absurde.html:text/html},
}

@online{noauthor_etats-unis_nodate,
	title = {Etats-Unis : un Américain noir arrêté à tort à cause de la technologie de reconnaissance faciale},
	url = {https://www.lemonde.fr/international/article/2020/06/24/un-americain-noir-arrete-a-tort-a-cause-de-la-technologie-de-reconnaissance-faciale_6044073_3210.html},
	urldate = {2024-08-19},
	file = {Etats-Unis \: un Américain noir arrêté à tort à cause de la technologie de reconnaissance faciale:C\:\\Users\\grive\\Zotero\\storage\\8KYIL3WQ\\un-americain-noir-arrete-a-tort-a-cause-de-la-technologie-de-reconnaissance-faciale_6044073_321.html:text/html},
}
