
@report{ministeres_de_la_culture_france_et_quebec_rapport_2020,
	location = {France, Québec},
	title = {Rapport - Mission franco-québécoise sur la découvrablilité en ligne des contenus culturels francophones},
	url = {https://www.culture.gouv.fr/Media/medias-creation-rapide-ne-pas-supprimer/Rapport-Mission-franco-quebecoise-sur-la-decouvrablilite-en-ligne-des-contenus-culturels-francophones.pdf},
	pages = {60},
	institution = {Ministère de la Culture},
	author = {Ministères de la Culture (France et Québec)},
	date = {2020},
	file = {Rapport - Mission franco-québécoise sur la découvrablilité en ligne des contenus culturels francophones (1).pdf:C\:\\Users\\grive\\Zotero\\storage\\UDLVPQ7H\\Rapport - Mission franco-québécoise sur la découvrablilité en ligne des contenus culturels francophones (1).pdf:application/pdf},
}

@online{lessig_code_2000,
	title = {Code is Law – Traduction française du célèbre article de Lawrence Lessig – Framablog},
	url = {https://framablog.org/2010/05/22/code-is-law-lessig/},
	titleaddon = {Framblog.org},
	author = {Lessig, Lawrence},
	translator = {Barbidule, Siltaar, Goofy, Don Rico},
	urldate = {2024-08-19},
	date = {2000-01},
	file = {Code is Law – Traduction française du célèbre article de Lawrence Lessig – Framablog:C\:\\Users\\grive\\Zotero\\storage\\43P52F4H\\code-is-law-lessig.html:text/html},
}

@article{goeta_fred_2013,
	title = {Fred Turner, Aux sources de l’utopie numérique. De la contre-culture à la cyberculture, Stewart Brand un homme d’influence: Trad. de l’anglais par Laurent Vannini, Caen, C\&F Éd., 2012, 432 p.},
	issn = {1633-5961, 2259-8901},
	url = {http://journals.openedition.org/questionsdecommunication/8619},
	doi = {10.4000/questionsdecommunication.8619},
	shorttitle = {Fred Turner, Aux sources de l’utopie numérique. De la contre-culture à la cyberculture, Stewart Brand un homme d’influence},
	pages = {493--495},
	number = {23},
	journaltitle = {Questions de communication},
	shortjournal = {questionsdecommunication},
	author = {Goëta, Samuel},
	urldate = {2024-08-19},
	date = {2013-08-31},
	file = {Full Text:C\:\\Users\\grive\\Zotero\\storage\\MV3NC5ZJ\\Goëta - 2013 - Fred Turner, Aux sources de l’utopie numérique. De.pdf:application/pdf},
}

@incollection{durand_chapitre_2016,
	location = {Paris},
	title = {Chapitre 1 - L’ère de l’hyperchoix},
	isbn = {978-2-7246-1980-5},
	url = {https://www.cairn.info/l-attaque-des-clones--9782724619805-p-19.htm},
	series = {Nouveaux Débats},
	abstract = {Des milliards de consommateurs connectés. Des millions d'oeuvres disponibles. Et seulement une dizaine d'entreprises globales pour organiser leur rencontre... Allons-nous vers un foisonnement culturel inédit ou au contraire vers l’uniformisation des goûts via l’hégémonie de quelques acteurs ?
Entre les rêves d’ouverture mondiale et le cauchemar de la manipulation et du clonage des productions, la bataille a déjà commencé. Son enjeu est la diversité culturelle. Son arme, la data, est à double tranchant. Savoir l’utiliser pour encourager la découverte plutôt que la reproduction : telle est, pour Emmanuel Durand, la clé d’un nouvel âge de la culture.},
	pages = {19--28},
	booktitle = {L’attaque des clones},
	publisher = {Presses de Sciences Po},
	author = {Durand, Emmanuel},
	urldate = {2024-08-19},
	date = {2016},
	langid = {french},
	file = {Snapshot:C\:\\Users\\grive\\Zotero\\storage\\NLQXGP5Y\\l-attaque-des-clones--9782724619805-page-19.html:text/html},
}

@online{noauthor_hyperchoix_nodate,
	title = {Hyperchoix et prescription culturelle},
	url = {https://www.fabula.org/actualites/64314/colloque-international-hyperchoix-et-prescription-culturelle.html},
	urldate = {2024-08-19},
	file = {Hyperchoix et prescription culturelle:C\:\\Users\\grive\\Zotero\\storage\\ZWXNLDG8\\colloque-international-hyperchoix-et-prescription-culturelle.html:text/html},
}

@online{noauthor_du_nodate,
	title = {Du Web sémantique au Web synthétique – affordance.info},
	url = {https://affordance.framasoft.org/2023/10/du-web-semantique-au-web-synthetique/},
	urldate = {2024-08-19},
	file = {Du Web sémantique au Web synthétique – affordance.info:C\:\\Users\\grive\\Zotero\\storage\\7NB4JD58\\du-web-semantique-au-web-synthetique.html:text/html},
}

@online{laugee__2013,
	title = {La « viralité » ou l’illusion d’hyperchoix : « l’information qu’il nous faut »},
	url = {https://la-rem.eu/2013/03/la-viralite-ou-lillusion-dhyperchoix-linformation-quil-nous-faut/},
	shorttitle = {La « viralité » ou l’illusion d’hyperchoix},
	abstract = {Les géants du Net sont les nouveaux gatekeepers de l’information en ligne, créant ainsi les conditions d’une distribution « virale » des nouvelles. En faisant de la personnalisation des services une règle, véritablement Google et Facebook ont inventé « l’information sur mesure de masse ». Fustigeant la dépendance de la presse vis-à-vis de la publicité,...},
	titleaddon = {La revue européenne des médias et du numérique},
	author = {Laugée, Françoise},
	urldate = {2024-08-19},
	date = {2013-03-21},
	langid = {french},
	note = {Section: Articles \& chroniques},
	file = {Snapshot:C\:\\Users\\grive\\Zotero\\storage\\RZJTYBQ4\\la-viralite-ou-lillusion-dhyperchoix-linformation-quil-nous-faut.html:text/html},
}

@online{kaplan_quand_2011,
	title = {Quand les mots valent de l'or},
	url = {https://www.monde-diplomatique.fr/2011/11/KAPLAN/46925},
	abstract = {Accès libre // par Frédéric Kaplan (novembre 2011)},
	titleaddon = {Le Monde diplomatique},
	author = {Kaplan, Frédéric},
	urldate = {2024-08-19},
	date = {2011-11-01},
	langid = {french},
	file = {Snapshot:C\:\\Users\\grive\\Zotero\\storage\\H8WPCCU6\\46925.html:text/html},
}

@article{benghozi_longue_2008,
	title = {Longue traîne : levier numérique de la diversité culturelle ?},
	volume = {1},
	issn = {1959-6944},
	url = {https://www.cairn.info/revue-culture-prospective-2008-1-page-1.htm},
	doi = {10.3917/culp.081.0001},
	shorttitle = {Longue traîne},
	abstract = {{RésuméEn} 2004, le rédacteur en chef du magazine Wired, Chris Anderson, lance l’hypothèse que l’internet permet de rassembler virtuellement des publics dispersés pour des produits culturels qui ne sont jamais amortis, du fait de l’étroitesse de leurs marchés. L’agrégation des ventes de ces produits deviendrait alors rentable. Cette hypothèse, baptisée la longue traîne, a séduit et ouvert des perspectives nouvelles aux marchés des biens culturels, nourrissant l’idée que les sites de ventes en ligne constitueraient une chance pour la diversité culturelle. Le présent article fait le point, à partir des résultats de publications académiques et de deux études inédites, sur les premières vérifications de l’hypothèse de la longue traîne. Les auteurs soulignent que, malgré son caractère séduisant, les données ne confortent qu’à la marge l’hypothèse formulée par Chris Anderson.},
	pages = {1--11},
	number = {1},
	journaltitle = {Culture prospective},
	shortjournal = {Culture prospective},
	author = {Benghozi, Pierre-Jean and Benhamou, Françoise},
	urldate = {2024-08-19},
	date = {2008},
	langid = {french},
	note = {Place: Paris
Publisher: Ministère de la Culture - {DEPS}},
	file = {Full Text PDF:C\:\\Users\\grive\\Zotero\\storage\\3KKZRA2I\\Benghozi and Benhamou - 2008 - Longue traîne  levier numérique de la diversité c.pdf:application/pdf},
}

@online{noauthor_analyse_nodate,
	title = {Une analyse économique du phénomène de la longue traîne dans les industries culturelles {\textbar} Cairn.info},
	url = {https://www-cairn-info.proxy.chartes.psl.eu/revue-francaise-d-economie-2015-2-page-179.htm?contenu=article},
	urldate = {2024-08-19},
}

@online{noauthor_decouvrabilite_nodate,
	title = {La découvrabilité des collections numériques patrimoniales sous l’angle des usages de Gallica {\textbar} Bulletin des bibliothèques de France},
	url = {https://bbf.enssib.fr/matieres-a-penser/la-decouvrabilite-des-collections-numeriques-patrimoniales-sous-l-angle-des-usages-de-gallica_71295},
	urldate = {2024-08-19},
	file = {La découvrabilité des collections numériques patrimoniales sous l’angle des usages de Gallica | Bulletin des bibliothèques de France:C\:\\Users\\grive\\Zotero\\storage\\DCSMVLME\\la-decouvrabilite-des-collections-numeriques-patrimoniales-sous-l-angle-des-usages-de-gallica_7.html:text/html},
}

@article{rouvroy_gouvernementalite_2013,
	title = {Gouvernementalité algorithmique et perspectives d'émancipation. Le disparate comme condition d'individuation par la relation ?},
	volume = {177},
	issn = {0751-7971},
	url = {https://www.cairn.info/revue-reseaux-2013-1-page-163.htm},
	doi = {10.3917/res.177.0163},
	shorttitle = {Gouvernementalité algorithmique et perspectives d'émancipation},
	abstract = {L'entrée dans une ère d'abondance d'informations n'a jamais rendu aussi importante la question de leur classement. Profitant de l'extension des capacités de numérisation, les données digitales prolifèrent. Capturées, stockées, agrégées, calculées, elles entrent de plus en plus souvent dans des dispositifs de marché, de surveillance, d'évaluation ou de recommandation. la mise en place d'un monde des données est souvent appréciée, avec enthousiasme ou frayeur, comme une nouvelle puissance susceptible, pour les uns, de réinventer les marchés et l'organisation, de rendre la démocratie plus transparente, de faciliter les interactions avec les choses et l'environnement ou d'élaborer des connaissances prédictives, alors que d'autres s'alarment des usages commerciaux des fichiers, des menaces sur la vie privée, de la dictature de l'hyper-visibilité ou de la colonisation du monde vécu par un esprit de calcul et d'évaluation. Ce sont ces questions que ce numéro de Réseaux voudrait interroger en entrant dans le travail de production des nouvelles métriques du web et en portant attention à la manière dont les artefacts issus de ce travail recomposent les situations sociales.},
	pages = {163--196},
	number = {1},
	journaltitle = {Réseaux},
	shortjournal = {Réseaux},
	author = {Rouvroy, Antoinette and Berns, Thomas},
	urldate = {2024-08-19},
	date = {2013},
	langid = {french},
	note = {Place: Paris
Publisher: La Découverte},
	file = {Full Text PDF:C\:\\Users\\grive\\Zotero\\storage\\6A3UYDU3\\Rouvroy and Berns - 2013 - Gouvernementalité algorithmique et perspectives d'.pdf:application/pdf},
}

@online{noauthor_comment_nodate,
	title = {Comment une entreprise proche de Trump a siphonné les données de millions d’utilisateurs de Facebook},
	url = {https://www.lemonde.fr/pixels/article/2018/03/18/comment-une-entreprise-proche-de-la-campagne-de-trump-a-siphonne-les-donnees-de-millions-d-utilisateurs-de-facebook_5272744_4408996.html},
	urldate = {2024-08-19},
	file = {Comment une entreprise proche de Trump a siphonné les données de millions d’utilisateurs de Facebook:C\:\\Users\\grive\\Zotero\\storage\\8ITUP3Z7\\comment-une-entreprise-proche-de-la-campagne-de-trump-a-siphonne-les-donnees-de-millions-d-util.html:text/html},
}

@article{noauthor_ce_2018,
	title = {Ce qu’il faut savoir sur Cambridge Analytica, la société au cœur du scandale Facebook},
	url = {https://www.lemonde.fr/pixels/article/2018/03/22/ce-qu-il-faut-savoir-sur-cambridge-analytica-la-societe-au-c-ur-du-scandale-facebook_5274804_4408996.html},
	abstract = {Cette entreprise britannique, utilisée par Donald Trump durant sa campagne pour la présidentielle de 2016 aux Etats-Unis, a analysé les données de dizaines de millions d’utilisateurs à leur insu.},
	urldate = {2024-08-19},
	date = {2018-03-22},
	langid = {french},
	file = {Snapshot:C\:\\Users\\grive\\Zotero\\storage\\XPW5D23C\\ce-qu-il-faut-savoir-sur-cambridge-analytica-la-societe-au-c-ur-du-scandale-facebook_5274804_44.html:text/html},
}

@article{farchy_linformation_2023,
	title = {De l’information aux industries culturelles, l’hypothèse chahutée de la bulle de filtre},
	volume = {43},
	issn = {1633-5961},
	url = {https://www.cairn.info/revue-questions-de-communication-2023-1-page-241.htm},
	abstract = {Dans le Dossier, les auteur·ices explorent les pratiques, les publics et les dynamiques du soutien social en ligne entre pairs. La rubrique Échanges initie une discussion autour des notions d’acceptabilité sociale et de santé publique. Les trois Notes de recherches de cette livraison étudient les enjeux du genre dans les pratiques professionnelles des communicant·es, la bulle de filtre dans les industries culturelles ainsi que la communication politique en tant qu’objet préconstruit. En {VO} accueille un article en langue anglaise sur les ressources du fact-cheking à l’échelle européenne. Deux Focus proposent une lecture approfondie de Construire l’événement. Les médias et l’accident de Three Mile Island d’Eliseo Véron et de Des machines, des plateformes et des foules. Maîtriser notre âge numérique d’Erik Brynjolfsson et Andrew {McAfee}. Enfin, les Notes de lecture rendent compte de 60 publications.},
	pages = {241--268},
	number = {1},
	journaltitle = {Questions de communication},
	shortjournal = {Questions de communication},
	author = {Farchy, Joëlle and Tallec, Steven},
	urldate = {2024-08-19},
	date = {2023},
	langid = {french},
	note = {Place: Nancy
Publisher: Éditions de l'Université de Lorraine},
	keywords = {bulle de filtre, diversité culturelle, recommandation, streaming},
	file = {Full Text PDF:C\:\\Users\\grive\\Zotero\\storage\\5KHVKKB9\\Farchy and Tallec - 2023 - De l’information aux industries culturelles, l’hyp.pdf:application/pdf;Snapshot:C\:\\Users\\grive\\Zotero\\storage\\ZPKSQAZI\\revue-questions-de-communication-2023-1-page-241.html:text/html},
}

@online{noauthor_bulles_nodate,
	title = {Bulles de filtre et chambres d'écho - Fondation Descartes},
	url = {https://www.fondationdescartes.org/2020/07/bulles-de-filtre-et-chambres-decho/},
	urldate = {2024-08-19},
	file = {Bulles de filtre et chambres d'écho - Fondation Descartes:C\:\\Users\\grive\\Zotero\\storage\\MX2VMWHX\\bulles-de-filtre-et-chambres-decho.html:text/html},
}

@incollection{durand_chapitre_2016-1,
	location = {Paris},
	title = {Chapitre 5 - Le nouvel âge de la diversité},
	isbn = {978-2-7246-1980-5},
	url = {https://www.cairn.info/l-attaque-des-clones--9782724619805-p-73.htm},
	series = {Nouveaux Débats},
	abstract = {Des milliards de consommateurs connectés. Des millions d'oeuvres disponibles. Et seulement une dizaine d'entreprises globales pour organiser leur rencontre... Allons-nous vers un foisonnement culturel inédit ou au contraire vers l’uniformisation des goûts via l’hégémonie de quelques acteurs ?
Entre les rêves d’ouverture mondiale et le cauchemar de la manipulation et du clonage des productions, la bataille a déjà commencé. Son enjeu est la diversité culturelle. Son arme, la data, est à double tranchant. Savoir l’utiliser pour encourager la découverte plutôt que la reproduction : telle est, pour Emmanuel Durand, la clé d’un nouvel âge de la culture.},
	pages = {73--88},
	booktitle = {L’attaque des clones},
	publisher = {Presses de Sciences Po},
	author = {Durand, Emmanuel},
	urldate = {2024-08-19},
	date = {2016},
	langid = {french},
	file = {Snapshot:C\:\\Users\\grive\\Zotero\\storage\\TDGM5GY9\\l-attaque-des-clones--9782724619805-page-73.html:text/html},
}

@online{noauthor_algorithmes_nodate,
	title = {Algorithmes : comment sortir de sa "bulle culturelle"? {\textbar} France Culture},
	url = {https://www.radiofrance.fr/franceculture/podcasts/le-billet-culturel/algorithmes-comment-sortir-de-sa-bulle-culturelle-7342064},
	urldate = {2024-08-19},
	file = {Algorithmes \: comment sortir de sa "bulle culturelle"? | France Culture:C\:\\Users\\grive\\Zotero\\storage\\ZWTEE6DH\\algorithmes-comment-sortir-de-sa-bulle-culturelle-7342064.html:text/html},
}

@online{noauthor_how_nodate,
	title = {How the Netflix Algorithm Weighs Race {\textbar} Marie Claire},
	url = {https://www.marieclaire.com/culture/a18817/netflix-algorithms-black-movies/},
	urldate = {2024-08-19},
	file = {How the Netflix Algorithm Weighs Race | Marie Claire:C\:\\Users\\grive\\Zotero\\storage\\HF5L7GRM\\netflix-algorithms-black-movies.html:text/html},
}

@online{noauthor_decouvrabilite_2024,
	title = {Découvrabilité en ligne des contenus culturels francophones},
	url = {https://www.culture.gouv.fr/catalogue-des-demarches-et-subventions/appels-a-projets-candidatures/decouvrabilite-en-ligne-des-contenus-culturels-francophones},
	abstract = {Présentation du {dispositifQu}'est-ce que la découvrabilité numérique ?La découvrabilité d'un contenu dans l'environnement numérique se réfère à :Sa disponibilité en {ligneSa} capacité à être repéré parmi un vaste ensemble d’autres contenus sans que la recherche ne porte précisément},
	urldate = {2024-08-19},
	date = {2024-05-15},
	langid = {french},
	file = {Snapshot:C\:\\Users\\grive\\Zotero\\storage\\7IYQEBZB\\decouvrabilite-en-ligne-des-contenus-culturels-francophones.html:text/html},
}

@article{noauthor_comprendre_2016,
	title = {Comprendre les quotas de chansons francophones à la radio},
	url = {https://www.lemonde.fr/les-decodeurs/article/2016/04/22/comprendre-les-quotas-de-chansons-francophones-a-la-radio_4907025_4355770.html},
	abstract = {Un amendement du projet de loi création durcissant les règles crispe les radios privées face aux maisons de disques et aux artistes.},
	urldate = {2024-08-19},
	date = {2016-04-22},
	langid = {french},
	file = {Snapshot:C\:\\Users\\grive\\Zotero\\storage\\IZEYNQQB\\comprendre-les-quotas-de-chansons-francophones-a-la-radio_4907025_4355770.html:text/html},
}

@legislation{noauthor_directive_2018,
	title = {{DIRECTIVE} ({UE}) 2018/1808 {DU} {PARLEMENT} {EUROPÉEN} {ET} {DU} {CONSEIL}},
	url = {https://eur-lex.europa.eu/legal-content/FR/TXT/HTML/?uri=CELEX:32018L1808},
	pages = {Alinéa 35},
	number = {2018/1808},
	urldate = {2024-08-19},
	date = {2018-11-14},
	file = {L_2018303FR.01006901.xml:C\:\\Users\\grive\\Zotero\\storage\\P53S3D6P\\HTML.html:text/html},
}

@legislation{noauthor_directive_2019,
	title = {Directive ({UE}) 2019/790 du Parlement européen et du Conseil du 17 avril 2019 sur le droit d'auteur et les droits voisins dans le marché unique numérique et modifiant les directives 96/9/{CE} et 2001/29/{CE} (Texte présentant de l'intérêt pour l'{EEE}.)},
	volume = {130},
	url = {http://data.europa.eu/eli/dir/2019/790/oj/fra},
	urldate = {2024-08-19},
	date = {2019-04-17},
	langid = {french},
	file = {EUR-Lex HTML (FR):C\:\\Users\\grive\\Zotero\\storage\\V7U9UHYJ\\HTML.html:text/html;EUR-Lex PDF (FR):C\:\\Users\\grive\\Zotero\\storage\\8KS3T2TM\\2019 - Directive (UE) 2019790 du Parlement européen et d.pdf:application/pdf},
}

@online{bermes_parcours_2013,
	title = {Des parcours de sens dans le Centre Pompidou virtuel},
	url = {https://bbf.enssib.fr/consulter/bbf-2013-05-0052-013%20},
	abstract = {En 2012 le Centre Pompidou renouvelait son site web sous la forme d’une plateforme de diffusion de contenus numériques en ligne (www.centrepompidou.fr). Cette plateforme donne accès, à travers un point d’entrée unique, à l’ensemble de la production numérique de l’institution : œuvres d’art numérisées, documents sur l’art et l’histoire de l’art, enregistrements sonores, vidéos, archives, notices bibliographiques, etc. Une approche qui se veut originale et innovante : après un an d’ouverture au public de ce nouveau site, l’auteur dresse ici un premier bilan de cette expérience et présente les fondements de son architecture reposant sur les principes du web sémantique.},
	type = {Text},
	author = {Bermès, Emmanuelle},
	urldate = {2024-08-19},
	date = {2013-01-01},
	langid = {french},
	file = {Snapshot:C\:\\Users\\grive\\Zotero\\storage\\EYB6CLAC\\bbf-2013-05-0052-013 .html:text/html},
}

@online{noauthor_google_nodate,
	title = {Google devient client de Wikipédia},
	url = {https://www.lefigaro.fr/flash-eco/google-devient-client-de-wikipedia-20220622},
	urldate = {2024-08-19},
	file = {Google devient client de Wikipédia:C\:\\Users\\grive\\Zotero\\storage\\BWJBNGVL\\google-devient-client-de-wikipedia-20220622.html:text/html},
}

@online{ertzscheid_google_2008,
	title = {Google Books : le prix de la tranquilité (et du monopole).},
	url = {https://affordance.framasoft.org/2008/10/google-books-le/},
	shorttitle = {Google Books},
	abstract = {(Titre alternatif de ce billet : "Les oeuvres orphelines ont désormais un père : il s'appelle Google")
Nouvel épisode décisif à plus d'un titre dans la saga Google Books. Pour bien comprendre ce qui suit, rappelons d'abord que Google Books est tout sauf une "danseuse", c'est même},
	titleaddon = {affordance.info},
	author = {Ertzscheid, Olivier},
	urldate = {2024-08-19},
	date = {2008-10-28},
	langid = {french},
	note = {Section: Google Print/Books},
	file = {Snapshot:C\:\\Users\\grive\\Zotero\\storage\\GB7I7YGT\\google-books-le.html:text/html},
}

@article{noauthor_aux_2023,
	title = {Aux Etats-Unis, Internet Archive poursuivi en justice par des maisons d’édition},
	url = {https://www.lemonde.fr/pixels/article/2023/03/21/aux-etats-unis-internet-archive-poursuivi-en-justice-par-des-maisons-d-edition_6166381_4408996.html},
	abstract = {Le principal projet d’archivage du Web est attaqué pour violation de droits d’auteur par quatre grandes maisons d’édition, dont Hachette.},
	urldate = {2024-08-19},
	date = {2023-03-21},
	langid = {french},
	file = {Snapshot:C\:\\Users\\grive\\Zotero\\storage\\5T88B22E\\aux-etats-unis-internet-archive-poursuivi-en-justice-par-des-maisons-d-edition_6166381_4408996.html:text/html},
}

@online{noauthor_condamnee_nodate,
	title = {Condamnée, Internet Archive retire 500 000 livres de sa bibliothèque},
	url = {https://actualitte.com/article/117813/droit-justice/condamnee-internet-archive-retire-500-000-livres-de-sa-bibliotheque},
	urldate = {2024-08-19},
	file = {Condamnée, Internet Archive retire 500 000 livres de sa bibliothèque:C\:\\Users\\grive\\Zotero\\storage\\T4385UVF\\condamnee-internet-archive-retire-500-000-livres-de-sa-bibliotheque.html:text/html},
}

@online{noauthor_nouveaux_nodate,
	title = {Les nouveaux enjeux de l’{IA}},
	url = {https://www.polytechnique-insights.com/dossiers/digital/les-nouveaux-enjeux-de-lia/},
	abstract = {Découvrez dès maintenant les épisodes de notre dossier Les nouveaux enjeux de l’{IA} sur Polytechnique Insights.},
	titleaddon = {Polytechnique Insights},
	urldate = {2024-08-19},
	langid = {french},
	file = {Snapshot:C\:\\Users\\grive\\Zotero\\storage\\MCUTXLEU\\les-nouveaux-enjeux-de-lia.html:text/html},
}

@article{maxwell_comment_2020,
	title = {Comment améliorer l'explicabilité et la responsabilité des algorithmes?},
	journaltitle = {Les cahiers Louis Bachelier},
	author = {Maxwell, Winston},
	date = {2020},
	langid = {french},
	file = {Maxwell - Comment améliorer l'explicabilité et la responsabi.pdf:C\:\\Users\\grive\\Zotero\\storage\\VJ45ELV2\\Maxwell - Comment améliorer l'explicabilité et la responsabi.pdf:application/pdf},
}

@online{noauthor_algorithmes_nodate-1,
	title = {Les algorithmes publics : enjeux et obligations {\textbar} guides.etalab.gouv.fr},
	url = {https://guides.etalab.gouv.fr/algorithmes/guide/#_2-les-enjeux-des-algorithmes-publics},
	urldate = {2024-08-19},
	file = {Les algorithmes publics \: enjeux et obligations | guides.etalab.gouv.fr:C\:\\Users\\grive\\Zotero\\storage\\8V9PJERY\\guide.html:text/html},
}

@online{noauthor_valorisation_nodate,
	title = {Valorisation d'archives multimédia : Compréhension automatique multimodale du langage pour de nouvelles interfaces intelligentes de médiation et de transmission des savoirs},
	url = {https://anr.fr/Projet-ANR-19-CE38-0011},
	shorttitle = {Valorisation d'archives multimédia},
	abstract = {{ARCHIVAL} : Valorisation d'archives multimédia {\textless}br /{\textgreater}Compréhension automatique multimodale du langage pour de nouvelles interfaces intelligentes de médiation et de transmission des savoirs.},
	titleaddon = {Agence nationale de la recherche},
	urldate = {2024-08-19},
	langid = {french},
	file = {Snapshot:C\:\\Users\\grive\\Zotero\\storage\\FJ6IA72X\\Projet-ANR-19-CE38-0011.html:text/html},
}

@article{besnehard_evaluer_nodate,
	title = {Évaluer une interface documentaire augmentée: étude de cas sur le projet {ANR} Archival},
	abstract = {Information retrieval is of paramount importance in today's society, and the issues involved are many and varied. In this context, document interfaces are constantly trying to adapt to the renewed needs of users and to constantly evolving technologies, particularly in the field of artificial intelligence ({AI}). For several years now, so-called "intelligent" documentary interfaces have been emerging, augmented by {AI}. Our aim is to understand the possibilities, current contributions and future prospects, and to propose a method for evaluating this type of platform. To this end, we used the {ANR} Archival project as a case study to test our experimental protocol and initiate our evaluation of the platform.},
	author = {Besnehard, Éléonore},
	langid = {french},
	file = {Besnehard - Évaluer une interface documentaire augmentée étud.pdf:C\:\\Users\\grive\\Zotero\\storage\\ZTLLBX2K\\Besnehard - Évaluer une interface documentaire augmentée étud.pdf:application/pdf},
}

@inproceedings{agnola_ia_2022,
	location = {Corfou, Greece},
	title = {{IA} et {SHS} : un dialogue indispensable},
	url = {https://hal.science/hal-04220079},
	shorttitle = {{IA} et {SHS}},
	abstract = {The acceleration of technological developments and the challenges of the digital "transition" involve more than ever the field of humanities and social sciences, within transdisciplinary dynamics, for the development of new societal models of public interest. In the field of documentary research, language comprehension technologies open up new perspectives for the enhancement of multimodal archives, cultural and scientific mediation, particularly with regard to the analysis and linking of documentary collections. However, the usability of the systems developed presupposes that human expertise is integrated into the design models and that they are placed at the service of human intelligence. How can we develop new document search interfaces with artificial intelligence technologies at the service of human experience and intelligence? Within the framework of this transdisciplinary approach, combining cultures and practices in {SHS} and computer science, one of the main challenges of the Archival project was to develop a methodology to address this issue. We have experimented and evaluated the relevance of different algorithms and methods of language analysis.},
	booktitle = {{EUTIC} 2022 “ A l'intersection de l'art, de la science et de la technologie : dialogues entre les hommes et les machines ”},
	publisher = {Académie Ionienne de Corfu, Grèce},
	author = {Agnola, Michel and Azémard, Ghislaine and da Silva, Samuel},
	urldate = {2024-08-19},
	date = {2022-10},
	keywords = {dialogue homme machine, {IA}, Intelligence artificielle, interfaces multimodales, recherche sémantique augmentée, valorisation d'archives},
	file = {HAL PDF Full Text:C\:\\Users\\grive\\Zotero\\storage\\FS2V9YN7\\Agnola et al. - 2022 - IA et SHS  un dialogue indispensable.pdf:application/pdf},
}

@online{noauthor_accessibilite_nodate,
	title = {Accessibilité numérique {\textbar} Mon Parcours Handicap},
	url = {https://www.monparcourshandicap.gouv.fr/accessibilite-numerique},
	abstract = {La mise en application de l'article 47 de la loi du 11 février 2005 sur l'égalité des chances stipule que tous les services en ligne de l'État doivent être accessibles à tous.},
	urldate = {2024-08-19},
	langid = {french},
	file = {Snapshot:C\:\\Users\\grive\\Zotero\\storage\\MPEBZGFM\\accessibilite-numerique.html:text/html},
}

@online{noauthor_notion_nodate,
	title = {Notion d’accessibilité numérique - {RGAA}},
	url = {https://accessibilite.numerique.gouv.fr/obligations/notions-accessibilite-numerique/},
	urldate = {2024-08-19},
	file = {Notion d’accessibilité numérique - RGAA:C\:\\Users\\grive\\Zotero\\storage\\9P9AW6WR\\notions-accessibilite-numerique.html:text/html},
}

@misc{noauthor_personnes_2022,
	title = {Les personnes handicapées en France},
	url = {https://drees.solidarites-sante.gouv.fr/sites/default/files/2022-12/AAS22-Fiche%2019%20-%20Les%20personnes%20handicap%C3%A9es%20en%20France.pdf},
	publisher = {{DRES}},
	urldate = {2024-08-19},
	date = {2022},
	file = {AAS22-Fiche 19 - Les personnes handicapées en France.pdf:C\:\\Users\\grive\\Zotero\\storage\\A2ADXMUX\\AAS22-Fiche 19 - Les personnes handicapées en France.pdf:application/pdf},
}

@online{adminat_et_2023,
	title = {Et si l'accessibilité numérique et le {SEO} étaient lié ?},
	url = {https://productforgood.fr/et-si-laccessibilite-numerique-et-le-seo-etait-lie},
	titleaddon = {Product for Good},
	author = {adminat},
	urldate = {2024-08-19},
	date = {2023-09-01},
	langid = {french},
	file = {Snapshot:C\:\\Users\\grive\\Zotero\\storage\\UA2RR63K\\et-si-laccessibilite-numerique-et-le-seo-etait-lie.html:text/html},
}

@online{nitot_loi_2024,
	title = {La loi de Moore est morte et c'est une bonne nouvelle - {OCTO} Talks !},
	url = {https://blog.octo.com/la-loi-de-moore-est-morte-et-c'est-une-bonne-nouvelle},
	abstract = {Cela fait plus de 50 ans que le numérique se développe de façon incroyablement dynamique et a changé le monde, grâce à la croissance exponentielle de la puissance de calcul des microprocesseurs. C'est Gordon Moore, co-fondateur d'Intel, qui avait synthétisé cela en une phrase appelée loi de Moore : "le nombre de transistors dans un semiconducteur double tous les 2 ans". Il l'a énoncé en 1965, cela a vraiment commencé en 1971, avec la sortie du premier microprocesseur commercial, l'Intel 4004. Au risque de surprendre, il faut regarder les choses en face : la loi de Moore est morte.},
	titleaddon = {{OCTO} Talks !},
	author = {Nitot, Tristan},
	urldate = {2024-08-19},
	date = {2024-06-27},
	file = {La loi de Moore est morte et c'est une bonne nouvelle - OCTO Talks !:C\:\\Users\\grive\\Zotero\\storage\\PQG6C23K\\la-loi-de-moore-est-morte-et-c'est-une-bonne-nouvelle.html:text/html},
}

@online{noauthor_grosse_2024,
	title = {La Grosse Conf 2024 - Peut-on faire de l’{IA} sans la loi de Moore ?},
	url = {https://blog.octo.com/octo-article-de-blog-4},
	abstract = {{IA} Moore {erooM} Grosse Conf Optimiser le code logiciel Nitot},
	titleaddon = {{OCTO} Talks !},
	urldate = {2024-08-19},
	date = {2024-05-23},
	langid = {french},
	note = {Section: Évènements},
	file = {Snapshot:C\:\\Users\\grive\\Zotero\\storage\\39UFI8KT\\octo-article-de-blog-4.html:text/html},
}

@book{guillard_chapitre_2021,
	location = {Paris},
	title = {Chapitre 3. De la sobriété à la sobriété énergétique, numérique, matérielle {\textbar} Cairn.info},
	url = {https://www-cairn-info.proxy.chartes.psl.eu/comment-consommer-avec-sobriete--9782807331891-page-55.htm},
	series = {Comment consomer avec sobriété ?},
	publisher = {De Boeck Supérieur},
	author = {Guillard, Valérie},
	urldate = {2024-08-19},
	date = {2021},
	file = {Chapitre 3. De la sobriété à la sobriété énergétique, numérique, matérielle | Cairn.info:C\:\\Users\\grive\\Zotero\\storage\\97DM2KRN\\comment-consommer-avec-sobriete--9782807331891-page-55.html:text/html},
}

@online{noauthor_quelle_nodate,
	title = {Quelle est la part du numérique dans les émissions mondiales de gaz à effet de serre en 2024 ?},
	url = {https://ekwateur.fr/blog/enjeux-environnementaux/emissions-co2-numerique/},
	urldate = {2024-08-19},
	file = {Quelle est la part du numérique dans les émissions mondiales de gaz à effet de serre en 2024 ?:C\:\\Users\\grive\\Zotero\\storage\\YP3PUNZ9\\emissions-co2-numerique.html:text/html},
}

@online{noauthor_pourquoi_2023,
	title = {Pourquoi {ChatGPT} est une bombe environnementale},
	url = {https://www.nouvelobs.com/economie/20230918.OBS78305/pourquoi-chatgpt-est-une-bombe-environnementale.html},
	abstract = {L’impact climatique des nouvelles intelligences artificielles ({IA}) n’est que rarement évoqué, pourtant la valeur d’une bouteille d’eau de 500 ml est utilisée lors de chaque conversation avec le robot. Et ce n’est pas tout… « L’Obs » a enquêté.},
	titleaddon = {Le Nouvel Obs},
	urldate = {2024-08-19},
	date = {2023-09-18},
	langid = {french},
	note = {Section: Economie},
	file = {Snapshot:C\:\\Users\\grive\\Zotero\\storage\\7PRG4752\\pourquoi-chatgpt-est-une-bombe-environnementale.html:text/html},
}

@online{noauthor_2_nodate,
	title = {2 tonnes : l'objectif d'empreinte carbone par personne est-il juste ?},
	url = {https://bonpote.com/objectif-2-tonnes-vrai-defi-ou-mauvaise-cible/},
	titleaddon = {{BonPote}},
	urldate = {2024-08-19},
	file = {2 tonnes \: l'objectif d'empreinte carbone par personne est-il juste ?:C\:\\Users\\grive\\Zotero\\storage\\IS7WC3FV\\objectif-2-tonnes-vrai-defi-ou-mauvaise-cible.html:text/html},
}

@online{noauthor__nodate,
	title = {+ 48\% : l'intelligence artificielle pèse lourd dans le bilan carbone de Google {\textbar} Archimag},
	url = {https://www.archimag.com/numerique-responsable/2024/07/03/48-intelligence-artificielle-pese-lourd-bilan-carbone-google-0},
	urldate = {2024-08-19},
	file = {+ 48% \: l'intelligence artificielle pèse lourd dans le bilan carbone de Google | Archimag:C\:\\Users\\grive\\Zotero\\storage\\G2DG9MVJ\\48-intelligence-artificielle-pese-lourd-bilan-carbone-google-0.html:text/html},
}
